2002 3359
169 267 222 312 46

185 445 267 473 That
288 454 303 472 a
325 444 419 480 priest

169 481 293 516 already
315 480 441 515 belongs

186 520 216 542 to
237 516 286 542 the
308 515 422 542 cliui-ch

213 550 323 576 should
346 554 399 576 not

214 584 314 618 prefer
335 584 398 611 him

182 620 277 646 above
299 627 313 645 a
336 619 430 647 better

233 653 380 680 outsider.

176 1431 225 1456 Au
247 1429 321 1457 unfit
341 1437 438 1456 canon

172 1464 282 1491 should
304 1464 404 1491 refuse
424 1473 439 1490 a

225 1499 392 1534 bishopric.

219 2179 287 2206 God
311 2179 394 2215 gives

186 2216 298 2242 timess.
320 2215 377 2241 and
400 2219 429 2241 to

177 2249 267 2282 reject
288 2250 336 2276 the
358 2249 447 2275 littest

172 2284 196 2310 is
218 2288 248 2311 to
265 2291 383 2345 Omiisse
402 2283 448 2310 liis

277 2327 314 2344 wi
343 2339 348 2343 .

893 273 1117 304 ‚IOHANNIS
1142 273 1327 304 WYCLIF
1594 260 1698 315 [CAP.
1714 270 1766 298 1v.

458 379 566 426 quod
589 378 637 414 sit
657 380 781 414 bonus
805 378 844 413 in
868 391 960 413 casu
976 391 1055 425 quo
1079 378 1127 413 sit
1150 379 1198 413 de
1221 378 1386 425 gremio,
1411 380 1479 415 sed
1502 392 1592 415 cum
1616 379 1767 416 alienus

457 436 628 484 eligitur,
663 437 780 471 debet
810 448 892 471 esse
925 436 1112 484 optimus,
1147 436 1296 472 Contra
1330 436 1446 472 istam
1480 438 1630 484 glosam
1652 450 1768 474 vene—

455 506 595 530 nosam
629 493 808 540 arguitur
830 493 961 540 primo
984 506 1055 541 per
1079 494 1153 529 hoc
1176 495 1284 541 quod
1307 494 1468 542 spiritus
1491 504 1649 531 sanctus
1673 495 1768 531 dicit

457 553 564 599 quod
596 551 843 598 prestancior
875 551 983 587 omni
1017 552 1165 599 populo
1198 551 1367 599 eligatur
1398 553 1448 588 ad
1479 553 1768 599 sacerdocium,

458 610 565 657 quod
598 609 725 656 glosat
758 610 898 645 doctor
937 609 1128 656 implicite
1167 611 1273 657 quod
1307 623 1387 646 non
1419 610 1666 658 prestancior
1710 611 1769 647 vel

459 666 647 711 sanctior,
681 668 749 702 sed
772 666 812 702 in
835 680 927 703 casu
951 667 1095 703 virtute
1128 667 1327 703 abieccior
1360 668 1541 715 eligatur,
1574 677 1616 704 ut
1639 668 1769 716 posito

459 726 566 772 quod
599 726 647 760 de
679 733 762 760 tota
795 725 1083 761 communitate
1117 725 1284 772 eligatur
1316 726 1518 761 remissior
1551 726 1589 761 in
1614 726 1769 771 virtute,

458 792 552 818 tunc
590 784 809 818 secundum
849 784 1000 830 glosam
1035 783 1076 818 fit
1110 783 1257 819 eleccio
1289 783 1390 819 sicut
1429 785 1558 820 debet.
1604 786 1659 819 Ex
1691 797 1770 831 quo

458 840 637 888 sequitur
659 853 843 888 perversa
867 841 1069 877 conclusio
1092 841 1302 889 glosatoris
1326 850 1362 878 et
1385 851 1506 890 patet,
1531 843 1637 890 quod
1662 842 1769 889 glosa

458 898 583 934 inficit
605 899 783 945 regulam
814 898 998 946 eligendi.
1033 901 1129 935 Item
1163 912 1345 947 suppono
1379 901 1484 947 quod
1518 913 1588 947 per
1621 901 1768 935 bonum

459 956 703 1003 intelligatur
748 957 896 992 bonum
944 957 1159 1003 moraliter,
1204 957 1298 1005 quia
1342 958 1456 994 aliter
1499 958 1697 994 sufficeret
1731 958 1769 993 in

459 1027 551 1050 casu
586 1014 730 1061 eligere
763 1014 930 1051 asinum.
977 1015 1041 1050 Sic
1075 1015 1179 1051 enim
1220 1024 1377 1062 oportet
1417 1028 1511 1051 sane
1550 1015 1770 1063 intelligere

459 1073 631 1119 glossam
679 1085 768 1108 cum
814 1072 893 1108 suis
938 1072 1256 1118 fundacionibus,
1303 1075 1464 1121 quando
1509 1073 1617 1119 dicit,
1663 1075 1769 1121 quod

459 1142 504 1166 eo
537 1130 623 1177 ipso
657 1139 713 1166 est
746 1130 890 1178 aliquis
923 1132 1048 1166 bonus
1081 1144 1160 1178 quo
1193 1144 1272 1166 non
1306 1140 1362 1167 est
1398 1132 1537 1177 malus,
1578 1132 1653 1167 1100
1692 1140 1768 1167 051;

459 1197 552 1223 111110
587 1197 643 1223 051
677 1190 802 1223 bonus
836 1189 997 1235 quando
1037 1198 1092 1224 051
1132 1201 1210 1224 11011
1251 1189 1378 1224 malus
1412 1189 1629 1235 moraliter,
1675 1189 1769 1236 quia

460 1255 501 1281 ut
524 1254 695 1293 arguunt
727 1245 832 1289 loici,
867 1246 981 1282 aliter
1013 1246 1141 1282 omnis
1176 1248 1301 1281 bonus
1334 1246 1557 1282 necessario
1580 1248 1680 1283 foret
1704 1249 1764 1282 ab-

459 1304 586 1339 solute
620 1305 757 1340 bonus.
805 1305 894 1349 Quo
927 1304 1148 1353 supposito,
1189 1304 1398 1351 prehabito
1437 1305 1543 1340 dicto
1581 1305 1769 1352 apostoli:

461 1361 696 1398 ‘Divisiones
717 1362 943 1409 graciarum
967 1363 1084 1408 sunt’,
1109 1375 1291 1410 suppono
1314 1362 1452 1409 tercio,
1477 1364 1584 1411 quod
1606 1363 1773 1410 simplex

460 1419 595 1467 ydiota
628 1420 786 1467 ineptus
816 1420 1039 1468 episcopari
1073 1420 1328 1457 canonisetur
1360 1420 1399 1456 in
1433 1420 1599 1457 ecclesia
1639 1422 1772 1456 cathe-

461 1477 561 1513 drali
601 1477 833 1525 episcopatu
871 1487 1049 1525 vacante,
1089 1487 1126 1514 et
1165 1479 1272 1526 quod
1316 1490 1454 1514 omnes
1499 1479 1687 1515 electores
1732 1479 1771 1515 in

460 1535 589 1583 ipsum
631 1536 899 1582 consenciant,
944 1536 1012 1584 qui
1051 1537 1271 1572 secundum
1310 1536 1541 1584 opinionem
1579 1536 1772 1584 legittime

462 1593 623 1641 eligunt.
677 1595 754 1629 Sed
798 1603 907 1642 patet
952 1607 993 1630 ex
1039 1607 1131 1630 casu
1184 1594 1427 1642 oppositum,
1481 1607 1571 1630 cum
1624 1595 1773 1643 eligunt

461 1664 584 1687 unum
624 1651 840 1688 inhabilem
886 1652 953 1700 qui
993 1653 1108 1688 debet
1147 1653 1336 1699 aufugere
1374 1652 1471 1687 illud
1510 1665 1623 1698 onus,
1671 1652 1772 1689 510111

461 1709 626 1756 simplex
669 1710 793 1745 laicus
839 1709 1073 1757 coniugatus
1118 1711 1233 1746 debet
1277 1722 1443 1746 renuere
1476 1711 1771 1756 canonicatum,

461 1780 540 1802 non
579 1769 762 1803 obstante
807 1769 915 1815 quod
952 1768 1002 1803 sit
1033 1768 1147 1804 valde
1186 1769 1312 1803 bonus
1346 1776 1382 1803 et
1415 1780 1485 1815 per
1517 1781 1663 1816 papam
1705 1776 1773 1804 aut

462 1824 681 1872 capitulum
727 1824 906 1873 eligatur.
953 1827 1046 1862 Ideo
1077 1825 1207 1862 omnis
1247 1825 1369 1861 elecio
1402 1839 1522 1873 quam
1564 1827 1659 1862 deus
1691 1839 1772 1862 non

461 1884 657 1930 approbat
703 1892 759 1919 est
803 1883 962 1930 iniusta,
1008 1885 1076 1919 sed
1121 1895 1281 1919 omnem
1329 1883 1569 1920 eleccionem
1614 1884 1653 1919 in
1694 1897 1772 1932 qua

460 1953 540 1976 non
585 1940 743 1988 eligitur
776 1941 945 1977 habilior
988 1943 1037 1977 ad
1085 1941 1263 1977 officium
1307 1941 1507 1987 elecionis,
1554 1943 1649 1977 deus
1693 1955 1772 1978 non

461 2000 669 2046 approbat,
715 2011 808 2046 ergo
852 1998 982 2035 omnis
1020 1999 1110 2035 talis
1154 1999 1301 2036 eleccio
1335 2007 1391 2035 est
1436 1999 1601 2043 iniusta3
1648 1999 1774 2036 maior

461 2064 569 2103 patet
603 2069 645 2092 ex
679 2057 754 2092 hoc
787 2058 893 2105 quod
926 2058 1033 2093 nulla
1066 2057 1156 2093 talis
1184 2057 1331 2093 eleccio
1356 2066 1412 2093 est
1433 2057 1671 2104 necessaria,
1705 2058 1773 2093 sed

462 2114 491 2149 51
525 2114 574 2149 511
606 2114 728 2161 licita,
763 2116 858 2151 deus
891 2114 1165 2162 principaliter
1187 2115 1295 2163 eligit
1318 2115 1358 2151 in
1382 2115 1552 2151 electore
1575 2124 1708 2152 creato
1731 2124 1774 2151 ut

1791 915 1829 935 10

1792 1193 1826 1225 15

1789 1495 1830 1516 20

1788 1773 1828 1806 25

462 2184 626 2219 organo.
651 2173 727 2208 Sed
752 2185 842 2208 cum
859 2174 954 2209 deus
976 2185 1057 2209 non
1074 2181 1205 2220 potest
1224 2185 1403 2221 peccare,
1427 2173 1582 2209 videtur
1596 2174 1704 2221 quod
1728 2185 1773 2209 eo
1797 2206 1800 2208 .

462 2228 548 2276 ipso
582 2242 662 2278 quo
692 2231 787 2266 deus
818 2243 1063 2278 quemquam
1097 2231 1205 2278 eligit
1237 2232 1516 2279 postponendo
1545 2231 1656 2277 alios,
1690 2230 1774 2279 ipse

462 2286 695 2334 simpliciter
728 2296 784 2323 est
818 2288 942 2335 magis
975 2288 1130 2334 habilis,
1165 2288 1258 2337 quia
1291 2288 1416 2336 magis
1449 2288 1590 2324 habilis
1623 2301 1702 2336 quo
1725 2290 1774 2324 ad

464 2345 594 2383 deum.
631 2346 743 2381 Unde
782 2354 944 2393 propter
983 2346 1102 2382 talem
1142 2346 1479 2382 deformacionem
1519 2359 1541 2382 a
1572 2347 1774 2382 voluntate

463 2401 596 2438 divina
641 2402 795 2439 videtur
839 2405 1042 2439 decretum
1087 2403 1278 2440 Jeronimi
1323 2404 1454 2440 dicere
1497 2412 1540 2439 ut
1585 2403 1774 2440 recitatur

534 2579 553 2598 1.
569 2579 641 2598 casu
656 2571 737 2606 quod
754 2571 856 2598 celeri.
912 2578 938 2605 2,
953 2569 978 2597 3.
994 2571 1227 2607 ventosamfg;
1240 2579 1323 2599 corr.
1338 2572 1368 2598 in
1384 2580 1568 2599 venenosam
1583 2573 1635 2599 ad.
1691 2571 1715 2600 3.
1732 2573 1775 2600 sic

465 2605 565 2640 primo
585 2613 640 2641 ag.
701 2616 732 2639 4.
753 2605 873 2640 eligitur
893 2605 921 2632 Ιι.
984 2613 1012 2640 9.
1033 2606 1120 2645 glosa
1134 2613 1197 2644 pro
1217 2606 1375 2633 conclusio
1390 2607 1510 2643 acdfg,·
1530 2607 1773 2642 ib.glosa101·um

463 2640 566 2667 celeri.
641 2647 678 2667 12.
700 2641 730 2667 111
751 2648 823 2668 casu
843 2647 899 2667 om.
916 2640 945 2666 Ιι.
1019 2644 1060 2667 10.
1081 2640 1148 2667 laic¹
1170 2640 1190 2666 i.
1265 2649 1303 2674 17.
1326 2643 1489 2676 supposito
1510 2646 1537 2668 et
1559 2642 1722 2681 supposito
1743 2642 1772 2668 lz.

465 2682 506 2710 ¹9·
528 2674 743 2710 episcopaliter
763 2675 783 2702 i.
845 2682 887 2702 22.
909 2674 969 2703 Sed
991 2678 1129 2709 patenter
1149 2679 1269 2702 constat
1289 2684 1323 2701 ex
1343 2676 1445 2703 celeri.
1508 2684 1554 2710 24.
1577 2681 1705 2703 retinere
1715 2676 1772 2712 fg,

463 2716 546 2736 corr.
567 2710 598 2736 in
619 2717 745 2737 renuere
763 2710 793 2737 d.
892 2708 936 2736 25.
964 2717 1025 2736 non
1045 2709 1187 2736 obstante
1206 2710 1247 2736 al.
1269 2718 1306 2736 m.
1328 2710 1357 2737 Ιι.
1456 2711 1502 2738 26.
1529 2711 1604 2738 Item
1621 2719 1683 2746 pro
1704 2711 1774 2738 ideo

464 2744 566 2805 Ξεὸτεέιζ.
655 2743 731 2805 b30.
756 2751 819 2784 pro
848 2744 1037 2771 necessaria:
1071 2748 1177 2771 neutra
1207 2745 1312 2771 ceteri.
1431 2743 1470 2772 31.
1502 2745 1533 2772 in
1563 2745 1713 2773 eleccione
1743 2753 1772 2772 α.

505 2799 510 2804 .
555 2786 642 2805 icere.
675 2787 729 2805 ene
749 2787 768 2805 1.

539 2884 588 2917 18.
615 2885 626 2916 Ι
654 2885 733 2916 Cor.
764 2894 813 2925 12,
839 2895 873 2927 4.

1791 2351 1831 2384 35
