2002 3359
193 622 207 653 5

174 924 211 943 IO

173 1203 207 1235 15

209 277 298 306 cAr.
319 265 396 323 nr]
725 278 781 309 DE
810 277 1011 308 suvioum.

223 387 312 423 facii
336 388 431 424 VIII.
467 384 597 432 posita
630 384 669 419 in
704 386 739 420 6.
776 382 1032 419 decretalium
1065 384 1120 417 De
1145 381 1456 425 Donacionibus,
1492 381 1534 415 Si

223 445 382 487 dnobus,
423 443 488 479 ubi
528 442 683 478 videtur
722 451 895 478 statuere
935 442 1042 488 quod
1076 439 1249 487 provisio
1282 451 1352 487 per
1384 451 1529 486 papam

225 501 357 538 multis
382 500 560 549 personis
593 501 811 536 secundum
846 500 1013 535 eandem
1048 499 1181 534 datam
1216 498 1263 533 de
1297 496 1531 537 collacione,

224 561 361 596 eadem
396 571 578 607 persona,
613 570 688 606 que
722 557 830 605 prius
864 555 1161 604 presentaverit,
1196 555 1404 603 prefertur.
1458 553 1532 590 Ubi

226 627 346 666 patet,
382 627 422 653 ut
451 629 542 665 sepe
566 615 721 660 deduxi,
757 615 862 663 quod
897 614 1094 662 sequitur:
1129 613 1160 649 si
1184 626 1354 660 persona
1378 612 1417 648 in
1441 624 1532 648 casu

227 677 301 712 isto
335 675 443 724 prius
476 672 761 722 present-averit
794 684 1023 720 processum
1058 671 1259 719 episcopo,
1300 672 1414 707 debet
1448 682 1533 718 prc-

228 733 317 770 ferri
351 733 391 769 in
423 732 569 780 gracia,
603 732 670 767 sed
704 733 841 767 Petrus
875 738 970 778 aput
1003 730 1120 765 deum
1155 728 1340 776 indignus
1376 737 1413 764 et
1448 741 1534 775 pre-

227 792 347 828 scitus
391 790 563 826 discolus
607 789 715 837 prius
767 796 967 837 presentat
1019 799 1248 835 processum
1294 799 1409 822 suum
1455 785 1535 833 epi-

227 862 362 897 scopo,
396 861 516 896 quam
542 847 686 884 Paulus
709 846 1003 895 predestinatus
1026 854 1064 882 et
1097 844 1238 881 habilis
1272 853 1368 892 aput
1401 845 1533 885 deum,

227 920 319 955 ergo
352 907 435 955 ipse
469 908 606 942 Petrus
641 906 757 941 debet
788 904 954 953 preferri
987 903 1027 940 in
1061 903 1207 951 gracia.
1254 904 1354 939 Cum
1401 910 1532 938 autem

228 965 357 1001 minor
388 964 493 1000 illius
516 963 741 1012 argumenti
765 962 960 1010 contingit
984 960 1263 1007 communiter,
1298 960 1393 1009 quia
1415 960 1535 995 Judas

225 1037 304 1059 non
337 1022 485 1059 dormit
517 1023 584 1058 sed
617 1022 753 1058 dolose
782 1022 937 1057 laborat
961 1029 998 1056 et
1021 1019 1157 1067 vigilat
1181 1028 1344 1067 propter
1366 1019 1536 1063 lucrum,

224 1094 407 1129 suppono
451 1079 657 1117 veritatem
704 1079 882 1115 minoris.
936 1080 984 1114 Et
1016 1086 1110 1114 tunc
1148 1086 1258 1125 patet
1298 1078 1403 1124 quod
1445 1088 1537 1112 con-

225 1139 348 1176 clusio
382 1148 439 1175 est
462 1138 635 1175 heretica
660 1147 697 1174 et
731 1137 861 1173 minor
893 1135 1132 1184 supponitur
1165 1147 1247 1171 esse
1269 1147 1374 1180 vera,
1408 1135 1537 1169 forma

225 1210 385 1246 quoque
418 1199 522 1233 bona
555 1195 806 1244 relinquitur,
842 1194 1034 1231 maiorem
1070 1206 1145 1242 que
1170 1202 1226 1229 est
1249 1193 1307 1229 lex
1331 1205 1432 1240 pape
1456 1204 1537 1228 esse

227 1255 454 1292 hereticam.
490 1257 579 1291 Non
601 1254 706 1290 enim
731 1261 923 1290 consonat
947 1252 1022 1300 legi
1047 1251 1151 1288 beati
1175 1250 1370 1299 Gregorii,
1401 1263 1411 1286 1
1443 1262 1537 1297 que-

226 1314 353 1350 stione
379 1315 416 1359 6,
441 1326 527 1361 cap.
563 1313 669 1349 Sicut
691 1312 735 1359 is,
762 1312 828 1348 sed
854 1310 1061 1347 manifeste
1086 1309 1275 1355 dissonat,
1310 1309 1417 1356 quod
1442 1307 1535 1356 quia

228 1374 365 1408 Petrus
383 1371 636 1420 inportunius
660 1369 916 1418 prosequitur
939 1381 1059 1416 quam
1081 1368 1226 1404 Paulus
1249 1380 1320 1415 pro
1345 1366 1536 1414 dignitate

228 1431 422 1476 habenda,
456 1429 546 1465 ideo
578 1429 799 1477 preferetur
822 1440 970 1464 revera.
1006 1425 1240 1474 Episcopus,
1276 1424 1343 1473 qui
1367 1425 1535 1460 eundem

227 1501 270 1524 ex
294 1487 384 1524 hinc
407 1488 554 1536 prefert
577 1489 752 1531 Petrum,
788 1487 976 1533 deceptus
1010 1483 1180 1529 fallacia,
1215 1483 1435 1519 secundum
1460 1495 1537 1518 non

227 1559 387 1583 causam
435 1555 478 1582 ut
523 1558 683 1582 causam
729 1544 969 1580 conferendo
1014 1541 1194 1588 inhabili,
1240 1541 1467 1578 manifestat
1500 1552 1540 1575 se

227 1617 309 1641 esse
343 1603 581 1652 discipulum
617 1602 858 1640 antichristi:
905 1600 1112 1637 manifeste
1146 1609 1278 1636 autem
1313 1607 1404 1635 sunt
1436 1599 1540 1646 leges

227 1662 470 1709 huiusmodi,
515 1661 609 1710 quia
652 1673 790 1697 omnes
834 1659 1075 1696 tradiciones
1121 1659 1294 1694 humane
1339 1670 1415 1705 que
1461 1669 1540 1692 non

225 1721 444 1757 fundantur
466 1719 714 1768 originaliter
736 1719 776 1754 in
799 1718 1012 1766 scriptura,
1046 1729 1118 1753 nec
1141 1716 1272 1752 valent
1295 1714 1540 1762 subterfugia

193 1783 205 1815 Ῑ
225 1779 264 1815 in
280 1779 355 1815 ista
378 1778 558 1824 materia,
575 1787 617 1814 ut
640 1777 694 1813 hii
718 1777 968 1821 blasfemant,
985 1776 1091 1823 quod
1111 1787 1156 1811 eo
1172 1774 1258 1822 ipso
1280 1774 1386 1821 quod
1405 1775 1541 1809 Petrus

234 1837 344 1885 prius
367 1835 652 1885 presentaverit
674 1835 818 1872 virtute
841 1833 937 1882 legis
959 1833 1113 1882 papalis
1146 1841 1202 1868 est
1236 1831 1362 1879 magis
1386 1830 1542 1875 113111115,

235 1895 328 1943 quia
361 1908 452 1943 sepe
483 1894 626 1931 virtute
658 1893 755 1941 legis
787 1892 849 1929 dei
883 1900 940 1928 est
984 1891 1114 1927 minus
1159 1889 1313 1927 habilis.
1360 1891 1408 1925 Et
1452 1901 1540 1925 cum

232 1954 289 1990 lex
329 1953 390 1989 dei
436 1953 486 1989 sit
517 1952 557 1988 in
590 1951 658 1988 tali
692 1964 785 1988 casu
828 1950 905 1998 legi
949 1949 1083 1997 papali
1128 1947 1342 1993 contraria,
1386 1955 1543 1994 oportet

229 2011 337 2048 illam
362 2021 554 2059 tanquam
589 2009 820 2056 hereticam,
860 2007 954 2056 quia
979 2020 1001 2044 a
1023 2006 1188 2044 veritate
1212 2005 1432 2051 dimissam,
1457 2017 1543 2040 suc-

229 2071 436 2115 cumbere,
490 2068 543 2104 hii
589 2077 722 2104 autem
776 2066 1027 2112 blasfemant,
1080 2065 1188 2113 quod
1240 2072 1403 2112 propter
1455 2063 1543 2110 plus

229 2129 375 2163 bonum
410 2136 619 2164 venturum
655 2138 764 2162 error
803 2123 956 2173 peccati
989 2124 1105 2159 debet
1138 2121 1237 2169 fieri,
1278 2130 1417 2158 contra
1449 2133 1544 2168 apo—

228 2186 373 2222 stolum
401 2187 512 2221 Rom.
542 2184 576 2230 3,
601 2192 637 2220 et
661 2183 714 2219 hii
739 2183 875 2219 dicunt
899 2181 1217 2219 declaracionem
1243 2192 1325 2216 esse
1348 2191 1541 2227 paparum

298 2306 327 2330 4.
350 2297 436 2332 prius
456 2296 497 2323 al.
518 2304 555 2322 m.
577 2295 708 2331 adeffglz,
730 2303 788 2322 om.
810 2302 835 2327 c,
857 2294 1028 2330 proferetur
1047 2293 1075 2319 Ιι.
1184 2299 1209 2330 7.
1231 2291 1261 2318 iu
1282 2290 1384 2326 gracia
1405 2298 1488 2317 corr.
1509 2297 1546 2316 ex

231 2332 329 2372 magis
350 2340 379 2360 a.
402 2331 500 2365 magis
511 2331 545 2366 f.
666 2330 693 2357 8.
716 2329 902 2364 presentavit
922 2329 941 2355 i.
1072 2336 1100 2362 9.
1123 2326 1234 2354 habuis
1255 2334 1303 2361 ap.
1326 2325 1416 2352 deum
1438 2324 1542 2352 ceteri,

232 2376 265 2395 11.
288 2367 377 2395 lstius
397 2367 427 2397 i,·
454 2364 605 2399 contingit
631 2373 714 2392 corr.
735 2372 773 2392 ex
792 2363 949 2391 concludit
968 2371 1022 2399 ag,
1051 2361 1194 2390 convenit
1214 2361 1239 2393 h,
1270 2361 1314 2387 sic
1340 2359 1490 2394 contingit
1516 2359 1544 2386 d.

232 2410 269 2430 12.
291 2405 363 2429 ante
382 2401 506 2428 dolose:
535 2400 586 2426 ssd
608 2407 690 2427 corr.
712 2407 750 2426 ex
769 2404 797 2426 et
815 2398 868 2435 glz,
890 2402 918 2425 et
937 2398 1053 2425 ceteri..
1128 2395 1165 2423 13.
1188 2395 1350 2430 supposita
1371 2394 1497 2422 veritate
1518 2394 1547 2423 i,-

231 2437 391 2472 supposita
413 2437 443 2463 in
465 2443 526 2462 ras.
547 2442 586 2466 α,·
611 2434 648 2461 ib.
666 2442 727 2469 pro
748 2438 836 2460 tunc:
858 2438 959 2460 tamen
981 2432 1086 2460 ceteri.
1162 2430 1199 2463 13,
1223 2438 1265 2463 14.
1287 2437 1480 2468 consequens
1502 2433 1546 2455 est

232 2471 410 2503 hereticum,
431 2469 589 2497 conclusio
610 2469 638 2496 in
661 2469 799 2503 margine
819 2468 838 2495 i.
913 2467 952 2495 18.
970 2476 1031 2502 pro
1052 2465 1268 2500 inportunius:
1296 2464 1442 2499 impe'lus
1463 2471 1496 2493 c:
1516 2463 1546 2490 in

230 2508 313 2533 tnxtu
334 2505 362 2532 in
385 2505 482 2541 peias,
503 2505 543 2531 al.
560 2512 596 2530 m.
618 2504 802 2539 impctosins
822 2503 859 2533 d;
878 2503 908 2530 in
929 2505 1012 2529 textu
1035 2502 1114 2537 plus,
1136 2501 1177 2528 al.
1192 2508 1229 2527 m.
1253 2499 1339 2534 peius
1356 2507 1386 2533 g,
1409 2499 1437 2525 in
1461 2498 1547 2532 peius

231 2541 335 2568 ceteri.
422 2549 462 2575 11).
484 2538 614 2566 eundem
637 2546 719 2566 corr.
740 2546 778 2565 ex
799 2537 878 2564 unde
898 2545 938 2568 a:
963 2536 1044 2564 unde
1064 2536 1118 2570 gh.
1203 2542 1251 2568 24.
1272 2542 1358 2560 sacra
1379 2532 1421 2560 ad
1440 2533 1546 2567 script.

232 2576 272 2603 al.
294 2584 331 2602 m.
353 2575 424 2602 add.
446 2575 498 2611 dg.
555 2573 598 2600 25.
615 2573 666 2599 sed
684 2577 715 2600 ut
729 2573 835 2608 abest}
854 2572 892 2599 ib.
909 2572 1102 2603 blasfemant,
1124 2568 1206 2604 quod
1228 2577 1263 2595 eo
1283 2569 1353 2603 ipso
1374 2568 1456 2603 qnod
1478 2567 1545 2595 111111,

233 2610 315 2645 quod
338 2610 406 2644 ipso
427 2610 468 2637 al.
489 2617 526 2636 m.
545 2616 577 2644 g,
598 2615 656 2634 om.
678 2608 782 2635 ceteri.
845 2608 891 2633 26.
913 2605 1136 2642 prcsentaverit
1156 2604 1208 2643 gh,
1231 2603 1421 2638 presentavit
1442 2602 1545 2629 celeri.

233 2652 276 2671 2⁷.
298 2645 335 2671 Et
354 2653 411 2671 om.
433 2645 470 2676 h‚·
489 2651 558 2670 cum
580 2642 627 2669 lcx
648 2642 694 2669 dei
717 2642 755 2669 sit
775 2642 815 2669 al.
838 2650 876 2668 m.
898 2642 926 2669 lz.
1001 2648 1046 2676 29.
1068 2648 1084 2667 a
1104 2643 1233 2666 verltate
1253 2638 1393 2664 dissonat
1414 2637 1544 2663 divisam

233 2663 341 2715 ministr,
387 2687 423 2706 ro
444 2678 624 2706 dimissam:
652 2677 783 2704 divisam
805 2684 848 2708 ce,
869 2676 1009 2703 dissonat
1029 2674 1135 2702 celeri.
1249 2671 1294 2700 30.
1317 2672 1386 2707 plus
1408 2671 1495 2698 blass.
1517 2671 1545 2700 Ιι,

234 2715 274 2741 al.
290 2722 326 2741 772.
364 2722 397 2754 g,
412 2721 474 2748 pro
496 2713 579 2748 plus:
600 2712 699 2745 magis
719 2711 824 2739 ceteri.
892 2710 932 2745 31,
948 2709 990 2737 32.
1012 2709 1188 2745 apostolum
1210 2715 1280 2738 om„
1300 2710 1406 2734 contra
1426 2706 1514 2733 Rom.
1531 2704 1546 2733 3

234 2749 274 2776 ul.
294 2757 322 2775 m
362 2756 392 2775 m
421 2749 534 2775 lacuna
553 2755 583 2774 a.
657 2745 700 2774 32.
721 2755 787 2774 esse
807 2754 855 2774 om
886 2746 905 2773 i.

309 2819 335 2841 1.
363 2808 466 2850 Corp.
493 2808 555 2838 iur.
583 2817 656 2838 can.
682 2807 721 2847 11,
748 2807 826 2849 943.
852 2807 896 2838 VI
923 2806 1058 2837 Decret.
1085 2803 1109 2843 1,
1137 2804 1153 2836 3
1183 2803 1249 2839 (De
1275 2801 1475 2842 rescriptis),
1509 2810 1547 2840 14

236 2855 395 2891 (Duobus
421 2865 525 2896 super
550 2853 776 2895 provisi0ne).
862 2862 892 2884 2.
919 2849 1093 2893 ‘provisio'
1121 2860 1182 2891 pro
1209 2848 1419 2890 ‘provisione
1447 2846 1546 2878 facta*

237 2903 366 2933 dictum
382 2911 458 2932 esse
473 2907 567 2941 puto.
634 2909 684 2940 17.
699 2899 782 2931 ibid.
801 2899 824 2938 I,
838 2898 903 2939 425
921 2903 964 2939 (c.
981 2899 1010 2936 b',
1027 2898 1064 2928 C.
1081 2894 1228 2937 1,qu.t3).
1292 2895 1345 2926 32.
1360 2893 1501 2931 R0m.3,
1516 2891 1547 2922 8.
