2002 3359
167 247 213 281 58

189 838 236 865 To
259 847 315 873 pay
338 842 400 866 tirst

189 874 278 914 [ruiis
299 875 324 901 is
346 874 410 900 also

230 917 363 944 simonv.

174 1420 302 1447 (lrmx'lli
325 1422 359 1448 οῖ’
376 1422 425 1448 llic

250 1456 355 1483 abiise.

887 254 1108 285 JOIIANNIS
1136 255 1319 285 xvvcrir
1592 241 1696 298 [clun
1720 252 1756 279 v.

449 371 491 397 ut
524 362 761 397 blasfemant
791 360 993 396 Christum
1030 369 1065 396 et
1100 361 1304 408 apostolos
1339 361 1594 408 exemplasse.
1629 361 1760 397 Nichil

449 420 583 467 itaque
617 418 845 455 blasfemius
884 417 960 454 ista
994 417 1153 462 ficticia,
1194 427 1236 454 ut
1269 418 1366 454 alias
1405 418 1546 455 diffuse
1584 419 1758 466 exposui.

451 479 563 513 Unde
603 476 759 523 signum
802 488 870 511 sue
914 475 1099 512 falsitatis
1145 485 1215 522 est,
1261 477 1368 524 quod
1414 475 1564 524 primos
1609 477 1760 514 fructus

449 535 660 572 vendicant
694 535 741 570 de
780 533 857 569 illis
892 547 990 581 quos
1030 543 1210 570 recenter
1242 543 1494 582 promovent,
1541 543 1577 571 et
1610 548 1681 571 nec
1714 537 1761 572 de

450 592 648 640 promotis
681 605 702 628 a
746 591 916 628 seculari
950 591 1128 637 brachio,
1166 604 1239 628 nec
1272 593 1319 628 de
1352 591 1548 639 promotis
1588 606 1609 629 a
1648 593 1795 641 papis5

450 651 550 696 aliis,
590 662 663 686 nec
697 651 744 686 de
777 649 973 697 promotis
1014 651 1061 686 ab
1096 649 1185 695 illis,
1225 659 1437 698 postquam
1477 651 1600 686 semel
1632 651 1763 687 reddi-

450 710 593 744 derunt
626 708 856 755 symoniace
890 717 1146 755 comparata;
1181 717 1216 744 et
1249 717 1385 744 tamen
1417 708 1629 756 utrobique
1662 709 1763 745 foret

450 776 559 803 tanta
584 766 750 803 licencia
775 765 1050 812 subtrahendi,
1075 767 1141 802 sed
1166 765 1307 802 timent
1332 766 1405 802 sibi
1428 768 1474 802 de
1498 766 1762 814 percepcione

450 824 679 872 symoniace
719 824 911 871 sacrilege
957 833 994 859 et
1038 825 1085 860 de
1130 823 1357 860 resistencia
1409 824 1594 861 aliorum.
1650 826 1763 861 Unde

449 882 605 919 videtur
649 882 850 919 evidenter
889 883 995 930 quod
1038 881 1339 918 consencientes
1387 892 1551 931 propter
1591 882 1821 931 acquisi-xo

451 941 605 977 cionem
655 940 837 976 beneficii
882 939 937 976 sic
989 939 1218 987 symoniace
1263 940 1446 988 sacrilegi
1498 949 1588 976 sunt
1634 940 1759 977 eciam

449 998 670 1047 symoniaci
717 1011 759 1034 ex
799 1010 1015 1043 consensu,
1063 997 1291 1034 ministrant
1324 998 1428 1034 enim
1463 998 1675 1046 pecuniam
1710 998 1763 1035 eis

449 1056 641 1104 sacrilege
673 1058 935 1101 subtractam,
970 1065 1006 1092 et
1029 1055 1085 1092 sic
1110 1057 1204 1092 dant
1238 1055 1292 1092 eis
1323 1069 1466 1092 munus
1496 1058 1544 1093 ab
1568 1056 1763 1105 obsequio

449 1115 726 1163 turpissimum
760 1123 925 1162 propter
958 1113 1270 1150 ecclesiasticam
1305 1113 1554 1162 dignitatem.
1592 1115 1632 1150 Si
1657 1114 1761 1151 enim

449 1186 589 1209 omnes
632 1172 810 1220 promoti
843 1172 940 1208 illud
972 1171 1217 1212 omitterent,
1264 1185 1457 1220 suspensa
1496 1173 1595 1208 foret
1635 1172 1675 1208 in
1709 1172 1818 1208 eis-15

452 1231 600 1267 heresis
639 1230 870 1278 symoniaca
909 1239 1018 1266 tante
1058 1230 1202 1273 fetens3
1248 1229 1347 1266 illud
1386 1238 1519 1267 autem
1563 1230 1763 1278 paulatim

451 1288 630 1334 invaluit,
656 1288 749 1336 quia
767 1297 949 1336 tempore
962 1287 1154 1324 johannis
1170 1289 1271 1324 XXII
1287 1288 1418 1336 primo
1440 1288 1601 1324 inventa
1618 1297 1674 1325 est
1690 1288 1763 1325 ista

452 1348 608 1383 cautela
641 1346 815 1394 dyaboli,
848 1355 890 1382 ut
922 1355 1058 1382 narrat
1088 1346 1307 1383 Cestrensis
1339 1346 1441 1382 libro
1465 1347 1545 1392 VII,
1580 1359 1666 1394 cap.
1697 1360 1761 1392 40.

452 1406 694 1449 ‘johannes',
736 1404 877 1452 inquit,
927 1405 1042 1439 *XXII
1088 1413 1178 1452 post
1223 1404 1471 1458 Clementem
1516 1404 1616 1441 sedit
1650 1404 1763 1440 annis

453 1463 610 1500 circiter
642 1476 707 1510 193
742 1462 804 1498 hic
837 1461 1052 1509 septimum
1086 1461 1234 1498 librum
1258 1462 1518 1498 decretalium
1544 1462 1759 1499 innovavit.
1780 1475 1821 1496 20

452 1523 507 1558 Ac
540 1523 633 1557 dum
660 1521 699 1557 in
722 1520 862 1569 primis
893 1519 1154 1568 accepciones
1183 1520 1374 1556 nimirum
1409 1521 1625 1557 abhorrere
1657 1520 1764 1557 vide—

452 1588 573 1625 retur,
599 1578 831 1626 dampnavit
856 1578 988 1626 primo
1012 1578 1285 1626 pluralitatem
1310 1578 1612 1624 beneficiorum,
1643 1578 1699 1615 ita
1722 1587 1763 1614 ut

452 1637 571 1673 unico
587 1637 781 1673 beneficio
798 1649 868 1684 per
886 1645 1081 1673 rectorem
1100 1646 1279 1684 accepto,
1297 1636 1379 1684 ipse
1395 1649 1499 1684 papa
1515 1636 1761 1685 reliquorum

452 1696 603 1731 fructus
625 1694 860 1732 vacancium
884 1707 955 1742 per
988 1694 1141 1742 aliquot
1174 1707 1299 1730 annos
1332 1694 1564 1742 optinuerit.
1598 1697 1763 1742 Insuper

453 1762 488 1789 et
512 1753 682 1789 aliorum
709 1752 997 1789 beneficiorum
1030 1764 1100 1799 per
1134 1761 1305 1789 mortem
1339 1765 1408 1789 seu
1441 1752 1759 1800 resignacionem
1778 1754 1819 1787 25

452 1810 686 1847 vacancium
711 1810 784 1846 sibi
808 1810 960 1858 primos
993 1810 1143 1846 fructus
1169 1810 1397 1857 reservavit,
1421 1809 1476 1847 ita
1499 1812 1606 1858 quod
1631 1819 1762 1847 rector

452 1869 655 1904 institutus
694 1868 943 1905 taxaeionem
984 1868 1166 1904 beneficii
1205 1868 1264 1904 sui
1303 1881 1347 1905 ac
1382 1868 1583 1904 residuum
1624 1881 1763 1916 accep-

452 1936 564 1963 taret.
620 1929 673 1962 Ex
718 1940 797 1974 quo
834 1926 1002 1973 negocio
1042 1926 1297 1963 innumerum
1343 1926 1522 1962 thezauri
1569 1928 1617 1962 ad
1660 1939 1762 1974 pape

452 1997 654 2021 cameram
680 1985 952 2021 devenerunt'.
988 1986 1036 2020 Et
1068 1985 1188 2020 credo
1212 1986 1321 2032 quod
1349 1997 1431 2020 non
1454 1993 1545 2020 ante
1568 1984 1641 2020 fuit
1665 1984 1762 2020 illud

454 2044 501 2079 ab
546 2042 681 2091 aliquo
730 2055 832 2090 papa
885 2041 1162 2090 practisatum.
1217 2043 1294 2079 Sed
1347 2055 1417 2090 per
1461 2051 1552 2078 ante
1606 2055 1692 2091 cap.
1741 2043 1820 2078 530

452 2100 630 2137 eiusdem
663 2101 753 2136 libri
786 2100 944 2148 legitur,
979 2101 1184 2149 quomodo
1217 2109 1379 2137 sanctus
1414 2100 1620 2137 Lodwicus
1653 2113 1762 2137 com-

520 2243 548 2267 4.
571 2239 599 2261 et
620 2243 680 2261 non
700 2235 729 2261 Ιι.
802 2235 826 2267 5,
848 2235 875 2263 6.
905 2235 1028 2270 populis
1054 2235 1122 2262 aliis
1151 2235 1177 2268 b,
1207 2235 1347 2269 personis
1367 2235 1435 2262 aliis
1461 2235 1507 2265 cd,
1535 2240 1623 2269 appffl
1643 2234 1711 2261 aliis
1727 2234 1762 2269 f.

452 2270 479 2296 (j.
503 2269 593 2296 simul
610 2277 671 2303 pro
692 2269 783 2296 semel
804 2269 916 2305 bcefg;
936 2269 1091 2296 redderint
1112 2271 1211 2297 ceteri
1308 2278 1335 2303 7.
1357 2274 1571 2305 comparatum
1593 2269 1705 2301 ceteri;
1724 2269 1761 2295 ib.

453 2308 579 2338 uterque
599 2304 627 2330 Ιι.
700 2303 726 2331 8.
754 2303 867 2330 timens
887 2304 907 2332 i.
929 2305 1129 2339 precepcione
1149 2305 1178 2331 Ιι.
1252 2313 1279 2338 9.
1308 2305 1485 2339 symoniace
1505 2305 1556 2331 ἐπει»
1573 2303 1641 2334 soli,
1661 2311 1763 2339 symo-

453 2338 500 2364 nie
526 2338 637 2371 celeri‚·
663 2338 809 2373 sacrilega
835 2338 891 2365 adi
916 2339 990 2373 (lega
1017 2339 1047 2365 in
1075 2347 1138 2366 ras.
1165 2344 1207 2372 α’),
1243 2339 1400 2372 sacrilegia
1417 2339 1476 2374 fg.
1568 2346 1608 2365 10.
1638 2342 1764 2373 propter

453 2373 493 2400 al.
514 2381 550 2399 m.
572 2373 600 2402 Ιι,
685 2381 719 2400 11.
742 2381 794 2399 sue
815 2373 955 2408 svmonie
975 2373 1026 2405 dli,
1048 2373 1103 2400 site
1124 2373 1264 2409 symonis
1285 2374 1313 2405 1';
1337 2374 1375 2400 ib.
1397 2379 1501 2411 etpro
1522 2373 1617 2400 eciam
1639 2373 1760 2408 abcqu.

454 2415 491 2434 12.
514 2407 707 2434 ministrante
727 2407 815 2443 bdfg,
836 2416 918 2434 corr.
940 2408 970 2434 in
992 2408 1168 2435 ministrant
1186 2416 1214 2434 a.
1290 2407 1327 2436 15.
1348 2412 1556 2434 ammitterent
1577 2415 1600 2437 c.
1622 2407 1763 2434 obmitte-

454 2446 519 2469 rent
539 2442 643 2475 celeri,
666 2447 696 2469 ut
716 2450 866 2476 suspensa
886 2442 927 2468 ai.
1003 2450 1041 2477 17.
1063 2442 1121 2469 ista
1136 2450 1192 2469 om.
1208 2443 1227 2469 τ’.
1300 2449 1346 2470 20.
1369 2450 1399 2477 19
1420 2443 1448 2473 lt,
1471 2443 1498 2476 (9
1515 2442 1544 2468 in
1561 2446 1635 2470 ras.)
1671 2449 1697 2468 12
1717 2450 1763 2468 ce-

452 2476 520 2503 leri.
593 2484 639 2503 20.
661 2477 754 2503 alium
776 2477 887 2503 librum
900 2477 955 2512 fg,
979 2485 1061 2504 corr.
1083 2477 1113 2504 in
1135 2477 1151 2504 t}
1156 2483 1191 2495 ¹¹¹¹¹
1212 2477 1239 2506 d,
1260 2477 1277 2503 ‹5›
1298 2477 1329 2504 in
1350 2485 1413 2503 ras.
1435 2486 1470 2508 e‚·
1496 2477 1533 2502 ib.
1555 2476 1713 2503 innovarit
1734 2476 1761 2504 Ιι.

453 2519 535 2538 corr.
552 2511 581 2538 in
596 2511 729 2538 innotuit
743 2511 772 2545 d,
793 2511 926 2538 innotuit
942 2512 1046 2538 ceter-11
1121 2519 1159 2538 21.
1182 2511 1312 2538 nimium
1327 2511 1431 2547 hcefg,
1454 2511 1618 2538 minimum
1634 2519 1716 2538 corr.
1732 2511 1762 2538 in

454 2545 599 2572 nimirum
621 2554 649 2572 [ι.
723 2553 765 2572 22.
788 2545 991 2580 pluralitatem
1007 2545 1073 2581 dsh,
1097 2545 1271 2580 pluritatem
1287 2546 1384 2573 ceteri
1453 2544 1495 2572 225.
1519 2545 1609 2572 unico
1630 2553 1711 2572 corr.
1727 2553 1764 2572 ex

453 2584 563 2607 cuncto
578 2588 608 2613 a,
630 2584 739 2607 cuncto
754 2580 838 2616 hcfg,
860 2581 951 2607 unico
965 2580 1005 2607 al.
1022 2589 1058 2607 m.
1076 2589 1100 2607 e.
1175 2588 1221 2614 24.
1243 2580 1363 2616 aliquos
1378 2580 1483 2610 ceteri,
1505 2579 1638 2607 obtinuit
1658 2580 1762 2606 ceteri.

453 2615 494 2641 2⁶7.
516 2614 718 2642 affliccionem
735 2623 797 2650 pro
818 2623 874 2642 res.
890 2614 978 2650 basfg.
1001 2623 1083 2642 corr.
1099 2615 1129 2641 in
1151 2623 1208 2641 res.
1230 2623 1259 2649 a,
1282 2623 1335 2649 per
1354 2615 1501 2642 incertam
1523 2614 1605 2641 seclis
1626 2614 1762 2649 assigna-

453 2649 572 2676 cionem
595 2649 773 2676 vacancinm
795 2657 836 2676 ce.
909 2657 953 2684 27.
975 2654 1025 2676 aut
1046 2657 1103 2676 res.
1125 2649 1226 2676 ceteri.

528 2731 576 2763 18.
604 2732 656 2763 Cf.
683 2733 725 2763 de
753 2733 944 2764 Cestrensis
972 2731 1239 2774 polychronico,
1266 2742 1345 2774 pag.
1373 2733 1426 2772 33,
1451 2731 1505 2771 1183
1531 2732 1608 2763 loco
1634 2731 1763 2763 ibidem

455 2778 557 2808 citato
597 2785 620 2809 t.
662 2778 693 2818 8,
738 2778 815 2811 306.
866 2779 957 2819 (Lib.
991 2779 1063 2818 VII,
1107 2788 1180 2820 cap.
1221 2783 1281 2819 42)
1323 2778 1410 2810 haec
1453 2778 1607 2810 invenies
1647 2777 1763 2809 verba.

456 2825 509 2857 30.
545 2823 598 2855 Cf.
624 2834 701 2865 pag.
730 2825 782 2864 33,
807 2824 856 2856 18.
896 2825 916 2856 l.
949 2835 977 2856 c.
1010 2831 1033 2856 t.
1059 2824 1091 2864 8,
1118 2824 1149 2856 Γ).
1182 2824 1274 2866 (Lib.
1295 2825 1364 2865 Vll,
1399 2834 1473 2865 cap.
1504 2825 1568 2867 19.)
1601 2823 1648 2855 Ibi
1680 2833 1763 2855 vero

456 2870 497 2900 de
526 2870 707 2901 Ludovico
727 2871 784 2902 V11
813 2872 934 2912 agitur.
