2002 3359
211 894 248 914 10

210 1174 244 1205 15

205 1474 244 1494 20

204 1755 242 1786 25

204 2046 245 2078 30

266 247 355 276 CAP.
375 239 474 292 vnis}
793 251 850 282 nn
878 251 1077 282 smonm.

267 370 346 393 non
379 366 437 393 est
469 356 543 392 nisi
579 356 834 404 symoniacus
868 366 958 404 post
1005 356 1310 404 correpcionem
1365 358 1583 392 secundam

265 427 384 463 super
420 414 502 451 eius
542 414 765 463 pertinacia
805 414 995 460 devitare,
1040 427 1132 450 nam
1175 423 1392 462 antequam
1428 415 1585 450 devenit

265 475 315 509 ad
349 482 502 510 tantam
536 472 802 521 pertinaciam
827 480 1035 520 correptus
1069 472 1140 508 fuit
1171 472 1412 519 generaliter
1445 485 1467 508 a
1491 473 1586 508 fide-

265 531 367 567 libus
393 530 527 568 multis
545 530 630 576 viis,
649 539 685 566 et
708 531 839 578 legum
861 530 1148 578 exposiciones,
1174 530 1379 577 generales
1403 531 1585 578 predica-

265 589 400 626 ciones
434 598 470 625 et
504 589 662 637 publice
696 588 1145 624 excommunicaciones
1187 597 1267 624 tam
1316 590 1456 624 crebro
1499 602 1585 636 pre-

265 647 542 684 conisaverant
567 646 769 695 predictos
803 646 1014 691 hereticos,
1049 647 1155 694 quod
1190 659 1268 682 non
1305 655 1426 682 restat
1462 647 1585 683 fideli-

265 707 336 741 bus
362 705 434 741 nisi
460 718 500 741 se
523 705 632 752 ipsos
656 705 858 752 aufugere.
895 705 1011 749 Quod
1040 712 1173 739 autem
1205 705 1336 751 plures
1362 706 1409 740 de
1433 706 1585 752 populo

264 763 459 799 libencius
492 771 779 799 conversantur
812 771 847 798 et
890 771 1120 798 mercantur
1167 775 1255 797 cum
1305 762 1451 798 talibus
1492 776 1584 799 ceca

263 821 439 857 stulticia
472 830 507 857 et
543 821 690 857 heresis
735 820 970 867 symoniaca
1016 828 1107 855 sunt
1152 819 1191 855 in
1226 833 1359 865 causa,
1406 821 1499 868 quia
1540 823 1583 862 ΙΙ,

262 881 348 916 Joh.
384 879 590 915 scribitur:
626 879 678 914 ‘Si
715 879 802 927 quis
835 879 940 914 venit
974 880 1022 914 ad
1057 891 1126 914 vos
1161 887 1196 913 et
1221 879 1322 914 hanc
1356 878 1581 914 doctrinam

263 950 343 973 non
388 937 516 983 affert,
564 936 688 973 nolite
722 936 901 984 recipere
935 950 1024 972 eum
1066 936 1105 971 in
1139 937 1305 971 domum
1341 949 1413 972 nec
1447 950 1517 973 ave
1550 938 1582 973 ei

264 995 454 1040 dixeritis,
502 995 569 1043 qui
616 995 721 1031 enim
768 994 864 1031 dicit
910 995 965 1030 illi
1021 1007 1091 1031 ave
1135 994 1409 1031 communicat
1452 995 1584 1042 operi-

262 1055 334 1089 bus
369 1053 451 1089 eius
486 1053 698 1101 malignis'.
724 1053 917 1089 Doctrina
941 1062 1073 1089 autem
1100 1052 1174 1089 ista
1198 1062 1255 1089 est
1284 1053 1583 1101 preeminencia

262 1110 477 1159 pastoralis
509 1111 630 1148 officii
656 1111 695 1146 in
719 1111 881 1148 Christo
916 1120 953 1147 et
988 1110 1180 1147 membris
1215 1110 1343 1159 ipsum
1384 1112 1583 1159 sequenti-

263 1171 348 1214 bus,
383 1183 502 1218 quam
539 1169 761 1217 symoniaci
798 1183 879 1206 non
913 1170 1043 1206 solum
1078 1182 1157 1205 non
1191 1169 1363 1217 afferunt
1397 1171 1464 1205 sed
1490 1183 1583 1206 con—

262 1228 454 1274 fundunt3
488 1228 633 1276 quibus
666 1228 695 1263 si
732 1228 970 1275 prohibetur
1003 1227 1214 1273 salutacio‚
1261 1229 1469 1275 quomodo
1503 1241 1583 1264 non

263 1286 388 1334 magis
422 1288 621 1322 bonorum
657 1299 879 1333 pauperum
917 1285 1190 1322 ministracio?

319 1345 395 1380 Sed
429 1344 620 1380 obicitur:
657 1345 757 1380 Cum
793 1344 922 1380 maior
954 1357 1046 1393 pars
1080 1342 1246 1380 ecclesie
1279 1352 1315 1379 et
1354 1343 1583 1391 specialiter

261 1402 453 1450 capitales
486 1402 619 1438 infecti
653 1411 744 1438 sunt
778 1403 852 1439 hac
885 1402 1028 1448 heresi,
1062 1415 1142 1438 non
1172 1410 1294 1438 restat
1333 1415 1413 1449 quo
1455 1402 1581 1439 fidelis

261 1461 466 1508 aufugeret
499 1474 589 1497 cum
638 1469 777 1508 petens
825 1462 981 1497 deserta
1014 1469 1182 1508 peccato
1227 1469 1505 1507 percuteretur
1539 1474 1581 1496 ex

261 1531 459 1555 consensu
507 1518 669 1555 vecordi
716 1528 752 1555 et
785 1519 1004 1567 negacione
1038 1518 1264 1555 iuvaminis.
1321 1518 1394 1554 Hic
1436 1518 1581 1555 dicitur

261 1579 368 1625 quod
404 1576 567 1613 cuilibet
601 1576 830 1613 Christiano
864 1576 1085 1625 precipitur
1109 1577 1200 1624 fuga
1233 1577 1425 1624 sequendi
1450 1590 1580 1624 symo-

260 1635 398 1672 niacos
422 1635 462 1671 in
496 1635 675 1671 moribus
709 1645 745 1671 et
768 1635 975 1683 fragilibus
1001 1634 1221 1683 precipitur
1247 1636 1335 1681 fuga
1356 1635 1581 1671 communi-

261 1694 377 1730 candi
423 1706 513 1729 cum
561 1693 615 1729 eis
663 1693 872 1742 presencia
925 1693 1127 1741 corporali
1174 1702 1340 1741 propter
1390 1693 1577 1729 timorem

260 1751 609 1800 coinquinacionis
632 1753 754 1800 lepre,
780 1753 849 1788 sed
873 1751 1089 1788 difficultas
1112 1751 1269 1788 videtur
1284 1751 1579 1795 claustralibus,

261 1823 351 1846 cum
400 1809 512 1858 quasi
547 1810 679 1846 omnis
713 1822 852 1846 eorum
887 1809 1104 1846 multitudo
1138 1811 1212 1846 hac
1246 1810 1356 1857 lepra
1404 1809 1581 1845 inficitur

261 1876 298 1904 et
330 1868 580 1916 aufugientes
608 1868 967 1905 incarcerabuntur
1000 1876 1208 1916 tamquam
1243 1876 1469 1916 appostote.
1505 1869 1582 1904 Sed

261 1935 432 1972 constat,
468 1940 558 1963 cum
592 1928 690 1963 deus
723 1926 772 1962 sit
806 1926 1041 1972 immensus,
1077 1929 1227 1974 Symon
1262 1935 1395 1962 autem
1438 1926 1582 1961 misera

261 1993 444 2021 creatura
479 1985 618 2021 stricta
650 1984 827 2021 iudicata
860 1986 909 2021 ad
943 1997 1103 2032 penam⁷
1138 1997 1158 2020 a
1193 1986 1268 2020 deo
1301 1997 1419 2020 nemo
1450 1993 1583 2031 potest

261 2043 450 2090 aufugere
482 2044 550 2079 sed
584 2042 732 2091 ubique
765 2056 787 2079 a
821 2044 1015 2090 Symone;
1049 2055 1140 2078 nam
1178 2042 1346 2090 quilibet
1378 2051 1509 2090 potest
1540 2055 1583 2078 ex

260 2101 446 2137 libertate
478 2101 632 2138 arbitrii
667 2113 885 2149 preparare
939 2100 1214 2136 habitaculum
1264 2102 1338 2136 deo
1383 2113 1468 2146 suo⁷
1503 2113 1582 2148 quo

261 2160 413 2207 Syrnon
445 2172 526 2195 non
559 2160 679 2195 audet
712 2158 883 2207 ingredi,
918 2168 961 2194 ut
995 2158 1127 2195 devoti
1162 2159 1397 2194 claustrales
1444 2159 1583 2194 dolent

261 2218 309 2254 de
341 2217 583 2265 symoniacis
617 2226 654 2254 et
700 2226 885 2254 caventes
919 2230 941 2253 a
974 2229 1171 2253 consensu
1217 2229 1355 2253 eorum
1403 2217 1581 2253 maculas

261 2275 486 2324 reprimunt
502 2284 698 2324 quantum
711 2276 974 2324 possunt,sed
986 2284 1239 2323 temptantur
1256 2275 1363 2310 mille
1379 2275 1582 2311 meandris

330 2430 354 2449 2.
376 2422 457 2450 devit
477 2430 535 2450 om.
557 2423 577 2449 i.
667 2430 693 2455 2,
715 2421 739 2449 3.
761 2430 832 2449 nam
853 2438 886 2441 —
907 2422 1017 2457 pertin.
1039 2429 1097 2449 om.
1119 2429 1145 2449 c.
1235 2430 1264 2455 4.
1287 2426 1319 2448 ut
1346 2422 1446 2456 legum
1476 2422 1579 2448 ceteri.

261 2456 285 2489 5,
308 2458 335 2485 ¹5.
357 2458 628 2493 preconisaxerant
648 2456 740 2493 lvdeslz
761 2457 805 2490 (in
827 2457 844 2483 Ιι
868 2457 908 2484 al.
930 2459 994 2490 m.)‚
1024 2456 1298 2491 preconisaverunt
1318 2458 1420 2484 ceteri.
1502 2466 1527 2483 a.
1550 2465 1581 2482 se

261 2500 318 2519 om.
340 2493 454 2523 ceteri:
478 2493 515 2519 ih.
537 2493 641 2527 fugere
660 2493 706 2528 gi.
782 2500 815 2519 11.
838 2493 926 2518 oll'crt
947 2491 1014 2528 cqs:
1033 2491 1070 2518 ilv.
1093 2499 1162 2518 eum
1186 2491 1279 2525 recip.
1301 2492 1416 2523 celeri:
1434 2492 1473 2518 ili.
1495 2475 1579 2519 «iom.

260 2531 396 2554 vestrum
419 2527 577 2564 abcdesgi.
653 2534 690 2554 12.
712 2527 752 2553 illi
774 2526 848 2553 dicit
867 2525 933 2562 atff.
1017 2525 1053 2552 13.
1075 2526 1140 2552 eius
1155 2534 1240 2561 oper.
1259 2527 1375 2557 celeri,-
1395 2527 1433 2553 ib.
1454 2531 1499 2553 est
1521 2534 1580 2553 om.

261 2560 337 2598 bcef.
358 2563 398 2589 al.
419 2570 456 2588 m.
480 2563 508 2589 d.
610 2561 648 2589 15.
678 2566 820 2588 asserunt
850 2560 916 2597 lyg,
944 2561 1096 2591 auferunt,
1119 2569 1155 2587 au
1178 2563 1208 2588 m
1229 2568 1292 2588 ras.
1314 2561 1342 2587 Ιι.
1448 2570 1486 2596 ¹7·
1508 2562 1579 2588 bon.

261 2604 390 2631 operum
418 2598 453 2628 b;
480 2597 649 2624 instruccio
675 2595 751 2631 bcqf.
780 2604 908 2630 operum
936 2595 1094 2622 institucio
1123 2603 1205 2622 corr.
1227 2596 1257 2622 in
1280 2604 1374 2631 paup.
1397 2597 1531 2623 ministr.
1551 2604 1580 2622 a.

262 2639 303 2664 19.
325 2632 510 2666 capitulares
531 2631 601 2663 celz‚·
630 2631 666 2658 ib.
689 2635 758 2657 sunt
781 2630 834 2657 ins.
856 2630 971 2662 ceteri;
990 2630 1028 2656 ih.
1050 2630 1210 2664 quomodo
1231 2631 1261 2657 lz.
1346 2638 1388 2666 19,
1410 2639 1455 2657 20.
1477 2630 1580 2657 fideles

261 2666 442 2701 aufugerent
463 2666 482 2692 i.
556 2673 602 2692 20.
624 2670 749 2699 peccato
769 2673 827 2692 om.
849 2664 947 2701 l‘cdejf,
969 2665 1010 2691 al.
1032 2673 1058 2690 m
1090 2673 1128 2694 a:
1148 2665 1185 2691 sb.
1208 2669 1417 2699 percuteretur
1437 2665 1486 2699 dli,
1515 2673 1581 2700 per-

260 2701 375 2727 cutitur
394 2701 498 2728 ceteri.
572 2701 611 2727 ¹25.
634 2698 920 2735 claustrantibnss.
942 2707 1025 2726 corr.
1041 2700 1071 2726 in
1087 2700 1304 2726 claustralibus
1325 2708 1350 2726 e.
1424 2701 1470 2727 26.
1493 2700 1579 2734 quasi

259 2735 379 2771 abceslz,
400 2736 609 2762 communiter
629 2735 733 2762 ceteri.
807 2742 850 2769 27.
872 2735 1150 2761 incarcerabuntur
1163 2734 1214 2763 dli.
1230 2735 1460 2761 incarcerantur
1474 2735 1579 2761 ceteri.

260 2769 307 2797 28.
329 2770 503 2797 miserrima
523 2770 622 2805 bcdef.
707 2768 745 2796 31.
767 2777 828 2803 quo
851 2769 880 2799 Ιι,
901 2777 984 2796 corr.
1007 2777 1045 2796 ex
1063 2769 1224 2803 quomodo
1243 2769 1272 2795 d.
1294 2770 1454 2804 quomodo
1474 2769 1579 2796 ceteri.

261 2803 307 2837 34.
328 2809 496 2839 temptatur
510 2805 538 2839 h,
560 2809 771 2839 temperantur
784 2811 836 2835 ce‚·
855 2804 893 2830 ib.
909 2803 1081 2830 mendaicis
1101 2803 1193 2839 αἰγὶς,
1213 2811 1297 2831 corr.
1319 2805 1349 2831 in
1372 2804 1529 2831 meandris
1549 2805 1578 2831 α’.

335 2877 438 2908 10.11
465 2876 543 2909 Joh.
574 2888 625 2917 10,
658 2888 708 2909 11.

1801 244 1871 280 105

1615 1352 1639 1378 lt
1659 1352 1684 1378 is
1705 1353 1769 1379 said
1792 1353 1854 1379 that

1607 1388 1655 1414 the
1678 1389 1858 1422 prevalence

1643 1423 1677 1448 of
1694 1423 1825 1458 Simony

1660 1458 1764 1484 makes
1786 1458 1807 1484 it

1623 1492 1806 1527 impossible
1827 1498 1857 1520 to

1673 1528 1726 1554 fiee
1747 1529 1798 1554 the

1631 1570 1786 1598 companyv
1806 1564 1841 1590 of

1648 1598 1828 1625 simoniacs.

1604 1633 1627 1659 It
1648 1633 1673 1659 is
1694 1633 1815 1667 enough
1837 1638 1867 1660 to

1620 1672 1671 1694 cut
1690 1668 1848 1695 ourselves

1636 1703 1680 1729 off
1698 1702 1777 1729 from
1800 1704 1837 1729 all

1606 1737 1778 1772 fellowship
1800 1738 1873 1765 with

1660 1772 1802 1808 Simony.
