2002 3359
172 925 209 945 10

173 1203 208 1235 15

170 1504 211 1525 20

219 264 413 323 CAP.V11.]
735 275 794 309 DE
821 274 1021 309 SIMONIA.

220 389 270 424 ad
287 386 521 435 episcopum
538 386 846 421 Eboracensem.
873 386 920 419 Et
943 383 1066 419 tercio
1090 382 1222 430 prodit
1239 382 1473 418 fundatores
1498 391 1535 418 et

220 457 429 494 pauperes.
464 445 725 487 Fundatores‚
756 442 849 491 quia
883 442 948 478 ubi
973 441 1147 489 religiosi
1178 440 1415 477 ordinarunt
1439 453 1535 488 pau-

220 517 334 552 peres
366 503 495 540 vivere
519 504 567 538 de
591 501 670 537 suis
695 500 936 546 elemosinis,
973 499 1110 535 mundi
1135 499 1274 536 divites
1297 500 1535 546 voluptuose

222 571 258 598 et
282 561 504 609 irreligiose
528 568 770 597 consumunt
793 558 898 606 ipsas
922 558 1131 605 sacrilegez
1157 570 1228 593 nec
1255 557 1419 593 dubium
1439 556 1535 605 quin

222 620 362 656 talium
387 621 584 655 bonorum
610 617 856 654 substraccio
881 618 928 652 de
953 625 1065 652 tanto
1089 616 1299 651 defraudat
1325 627 1532 663 pauperes.

223 677 273 715 Et
307 691 386 726 quo
420 679 469 714 ad
502 676 729 713 venditores
763 684 871 723 patet
905 676 1012 723 quod
1038 673 1327 709 commercium
1354 673 1535 721 procedit

223 749 266 772 ex
313 737 403 772 ficta
448 735 645 783 ydolatria
690 746 768 782 qua
813 745 930 769 avare
970 731 1260 779 concupiscunt
1300 731 1534 779 pecuniam:

224 807 293 842 per
332 794 436 830 idem
477 793 581 829 enirn
622 801 782 840 possent
824 790 1092 838 multiplicare
1138 790 1337 825 seculares
1376 789 1415 824 in
1456 788 1535 824 suis

224 852 414 894 cenobiis,
449 863 658 899 quousque
692 862 830 885 omnes
865 849 1043 884 redditus
1067 849 1211 884 domus
1234 847 1294 884 vix
1321 848 1381 883 vel
1407 846 1536 882 minus

225 910 279 946 eis
324 910 551 946 sufficerent
605 918 640 943 et
686 908 740 944 sic
782 909 946 943 domum
998 906 1225 954 religiosam
1272 907 1536 943 destruerent.

225 969 332 1016 quod
378 967 416 1003 in
465 966 598 1002 multis
643 965 741 1002 locis
786 964 982 1013 contingit
1027 965 1065 1000 in
1100 963 1264 1011 Anglia3
1319 976 1390 999 nec
1424 963 1537 999 evadi

225 1034 354 1074 potest
373 1025 470 1073 quin
493 1026 540 1061 de
563 1024 819 1060 oracionibus
842 1024 1102 1059 fundatorum
1125 1023 1344 1058 secundum
1366 1022 1537 1057 formam

226 1083 460 1121 donacionis
507 1092 543 1119 et
588 1081 851 1130 obligacionis
897 1083 944 1117 de
985 1090 1097 1117 tanto
1142 1080 1404 1116 subtrahitur.
1459 1082 1539 1115 Nec

228 1142 382 1178 dicetur
416 1141 525 1178 racio
559 1141 655 1189 quin
689 1153 758 1188 per
792 1140 896 1176 idem
932 1139 1068 1175 liceret
1101 1151 1174 1186 pro
1209 1138 1344 1186 precio
1369 1137 1539 1174 mercari

226 1214 316 1237 cum
361 1201 531 1248 prelato,
579 1199 770 1247 episcopo
815 1198 874 1234 vel
919 1199 1063 1234 abbate
1103 1206 1139 1233 et
1185 1210 1254 1245 per
1299 1196 1403 1232 idem
1450 1208 1541 1232 cum

226 1271 346 1295 uxore
379 1258 418 1294 in
451 1257 562 1294 novis
602 1256 802 1302 nundinis,
850 1257 958 1304 quod
998 1264 1054 1291 est
1094 1264 1232 1291 contra
1271 1255 1397 1302 legem
1439 1266 1542 1302 pape

226 1316 389 1352 humilis
430 1315 623 1352 Bonifacii
665 1328 674 1350 1
716 1314 925 1362 questione
968 1324 988 1349 2
1032 1326 1118 1361 cap.
1179 1313 1306 1363 Quam
1351 1313 1430 1361 pio,
1476 1311 1542 1347 ubi

226 1375 445 1423 alloquitur
483 1374 659 1410 volentes
700 1372 869 1408 mercari
910 1373 1096 1408 abbatem
1137 1384 1252 1407 suum
1293 1383 1366 1418 pro
1406 1370 1542 1418 precio

226 1434 333 1481 quod
380 1446 459 1469 non
508 1432 611 1468 licet.
678 1431 935 1479 ‘Nunquam'‚
985 1429 1127 1477 inquit,
1175 1429 1357 1477 ‘legimus
1391 1428 1542 1465 domini

227 1491 444 1539 discipulos
489 1490 547 1526 vel
593 1502 730 1526 eorum
779 1488 1002 1524 ministerio
1041 1500 1266 1533 conversos,
1310 1487 1541 1535 quempiam

227 1551 277 1586 ad
322 1548 384 1585 dei
431 1549 580 1584 cultum
628 1547 762 1596 aliquo
809 1546 984 1582 muneris
1025 1546 1248 1582 interventu
1288 1558 1542 1594 provocasse,

227 1607 302 1643 nisi
336 1607 437 1643 forte
471 1608 518 1643 de
550 1618 773 1654 pauperum
807 1604 1000 1641 alimento
1034 1604 1121 1653 quis
1163 1604 1201 1639 in
1242 1616 1414 1640 comune
1453 1616 1544 1651 pro—

227 1674 351 1713 ponat
397 1678 568 1713 quorum
615 1664 714 1699 nulli
767 1663 1044 1711 cuiuscunque
1097 1662 1358 1710 professionis
1412 1670 1545 1698 essent

227 1724 415 1760 victualia
447 1723 726 1771 negabantur'.
767 1724 814 1757 Et
848 1734 891 1757 ex
926 1721 994 1757 illa
1027 1721 1112 1768 lege
1146 1720 1400 1756 sanctissima
1436 1728 1545 1768 patet

228 1781 373 1830 primo,
409 1782 616 1830 quomodo
659 1793 702 1816 ex
742 1779 927 1816 carencia
967 1778 1186 1815 testimonii
1232 1778 1430 1826 scripture
1469 1790 1544 1826 que

227 1840 396 1876 includit
430 1851 591 1875 omnem
626 1838 834 1875 veritatem
869 1847 911 1873 ut
946 1846 1002 1873 est
1035 1836 1254 1882 noscibilis,
1290 1845 1408 1884 negat
1442 1836 1546 1872 inter

228 1897 435 1946 religiosos
459 1910 542 1934 esse
566 1898 645 1933 tale
670 1896 979 1932 mercimonium
999 1896 1299 1932 celebrandum.
1324 1897 1372 1930 Et
1391 1894 1545 1930 utinam

229 1957 305 1992 ista
330 1955 439 1992 racio
463 1964 564 1992 esset
588 1955 707 1991 hodie
730 1954 770 1990 in
794 1954 965 1990 honore!
1000 1955 1114 1989 Tunc
1137 1953 1243 1989 enim
1269 1953 1547 1989 excluderetur

229 2015 376 2051 nedum
402 2012 683 2051 corrodiorum
708 2012 893 2049 vendicio
916 2013 983 2048 sed
1011 2011 1291 2059 religiosorum
1313 2010 1546 2059 symoniaca

231 2072 428 2108 induccio.
455 2074 567 2108 Patet
591 2072 768 2107 secundo
793 2071 901 2119 quod
925 2070 964 2105 in
989 2069 1194 2117 primitiva
1218 2069 1386 2106 ecclesia
1410 2068 1547 2105 omnia

230 2130 472 2178 temporalia
512 2138 625 2166 erant
665 2128 892 2177 cuicunque
932 2127 1119 2175 religioso
1165 2127 1295 2175 egenti
1341 2126 1545 2171 comunia⁷

230 2188 331 2225 sicut
350 2188 422 2224 fuit
442 2188 481 2224 in
506 2187 678 2224 maxima
703 2186 907 2235 religionis
932 2187 1025 2222 data
1048 2185 1242 2233 apostolis
1266 2198 1336 2233 per
1360 2184 1545 2233 spiritum

231 2255 412 2283 sanctum
448 2248 535 2283 Act.
559 2259 597 2291 4.
633 2247 784 2291 ‘Erant,
826 2244 967 2293 inquit,
1003 2243 1079 2280 illis
1112 2243 1250 2280 omnia
1284 2242 1545 2280 communia.'

302 2401 321 2420 1.
343 2397 372 2420 et
391 2400 449 2420 om.
470 2400 523 2428 ag.
606 2399 631 2419 2.
653 2391 874 2418 ordinaverant
893 2391 923 2423 d,
944 2390 1168 2418 ordinaverunt
1188 2390 1294 2417 ceteri.
1377 2388 1400 2417 3.
1424 2389 1487 2416 suis
1507 2390 1549 2416 al.

230 2435 267 2454 m.
289 2428 318 2454 Ιι.
421 2428 445 2454 5.
467 2426 636 2454 abstraccio
658 2427 760 2454 ceteri.
864 2425 891 2453 8.
914 2425 1112 2460 multiplicari
1134 2425 1200 2461 bcg.
1307 2432 1334 2459 ς).
1359 2424 1500 2451 homines
1521 2429 1549 2451 et

232 2461 342 2489 reddit.
365 2462 449 2498 bcfg,
470 2462 613 2489 homines
635 2461 708 2488 redd
741 2469 776 2492 ε,-
805 2461 842 2488 ib.
864 2465 892 2487 et
914 2461 1026 2487 domus
1047 2468 1066 2487 a
1195 2468 1235 2487 1o.
1264 2459 1418 2486 sufficiant
1444 2459 1549 2495 nbcfg.

233 2505 268 2524 11.
289 2497 360 2532 quia
380 2497 411 2524 in
431 2496 510 2532 bees.
532 2504 616 2523 corr.
634 2497 664 2523 1'n
679 2496 762 2531 quod
777 2503 807 2522 α.
865 2503 902 2522 12.
925 2495 1124 2522 oracionibus
1139 2495 1158 2527 i,
1180 2502 1254 2521 corr
1279 2494 1505 2521 exoratoribus
1519 2494 1549 2526 d,

232 2531 411 2558 oratoribus
430 2531 534 2558 ceteri.
610 2530 645 2558 15.
668 2535 699 2557 ut
720 2539 766 2565 ep.
790 2530 861 2566 afg,
884 2530 927 2557 vel
950 2538 996 2565 ep.
1019 2530 1122 2557 ceteri.
1192 2537 1230 2558 17.
1256 2529 1391 2555 beneficii
1411 2537 1442 2565 g.
1466 2536 1549 2555 corr.

234 2568 264 2593 in
292 2565 441 2593 Bonifacii
468 2574 506 2598 a;
534 2566 572 2593 ib.
600 2573 666 2600 cap.
693 2573 750 2592 om.
772 2565 883 2597 ceteri,·
914 2565 952 2592 ib.
976 2564 1078 2599 Quere
1106 2564 1157 2598 pio
1183 2563 1274 2599 aljf'g,
1303 2563 1404 2598 Quem
1433 2563 1483 2597 pio
1510 2571 1552 2594 ce,

234 2601 316 2635 piam
342 2600 371 2630 d.
394 2600 479 2636 pium
500 2600 520 2627 ι’.
611 2608 649 2627 21.
672 2608 756 2627 mun.
778 2600 815 2626 al.
838 2600 858 2626 ι’.
950 2607 993 2626 22.
1013 2607 1073 2634 pro
1094 2599 1124 2626 in
1146 2606 1294 2625 comune:
1317 2598 1444 2632 inquam
1467 2605 1499 2631 g,
1520 2598 1550 2625 in

233 2643 324 2670 quem
347 2636 373 2665 b,
401 2643 566 2662 commune
592 2635 622 2662 in
650 2643 713 2662 ras.
734 2643 752 2660 a
780 2634 913 2668 (Friedb.
936 2634 966 2661 in
987 2637 1072 2661 textu
1098 2633 1299 2664 inconcinne:
1327 2632 1356 2659 in
1385 2640 1551 2659 commune

234 2670 287 2697 AB
306 2670 437 2704 legunt).
523 2668 566 2696 23.
588 2674 668 2696 esset
687 2669 767 2705 abfg
862 2669 905 2701 25,
926 2668 972 2696 26.
995 2677 1053 2704 que
1074 2668 1217 2695 continue
1238 2667 1307 2694 incl.
1328 2667 1467 2703 abc-dfe:
1493 2675 1552 2701 que

235 2705 304 2732 incl.
326 2709 407 2731 cont.
429 2713 454 2731 e.
528 2705 573 2731 28.
596 2703 831 2731 excluderentur
851 2704 956 2731 ceteri.
1036 2710 1082 2737 29.
1106 2702 1305 2729 vendiciones
1326 2702 1345 2728 i.
1417 2687 1461 2730 32.
1485 2702 1551 2729 reli-

235 2739 336 2774 gionis
357 2739 403 2770 elz,
425 2739 571 2774 religione
591 2739 696 2766 ceteri.
770 2737 813 2765 33.
835 2742 867 2765 ut
888 2742 970 2773 patet
990 2739 1059 2765 Act.
1082 2738 1110 2769 i‚·
1135 2738 1172 2764 ib.
1195 2737 1299 2763 omnia
1320 2736 1361 2763 ἰΙΙ.
1383 2736 1411 2763 Ιι.

311 2821 338 2842 1.
364 2810 521 2852 Epistola
547 2810 590 2841 ad
617 2809 808 2851 Egbertum
837 2810 1063 2851 episcopum3
1090 2819 1123 2840 v.
1150 2808 1266 2840 Bedae
1286 2808 1402 2850 Opera
1422 2808 1552 2847 omnia,

238 2858 292 2890 ed.
313 2857 419 2896 Giles,
446 2857 469 2896 1,
494 2855 566 2896 108,
594 2857 779 2898 praecipue
799 2866 876 2897 pag.
902 2854 962 2886 118
981 2865 1094 2897 seqq„
1125 2856 1200 2894 130,
1224 2853 1296 2888 136.
1381 2865 1431 2896 17.
1450 2854 1553 2895 Corp.

238 2905 301 2935 iur.
329 2914 357 2934 c.
386 2913 415 2943 2,
444 2903 481 2934 C.
506 2913 532 2942 1,
560 2913 593 2944 q.
622 2912 637 2933 2
667 2902 705 2943 (Ι,
730 2901 826 2943 408).
924 2903 977 2935 33.
1003 2903 1079 2933 Act.
1104 2911 1136 2941 4,
1165 2902 1218 2934 32.

1772 262 1819 301 85

1579 736 1621 771 ny
1642 736 1801 763 corrodies

1604 771 1652 797 tlic-
1675 771 1769 797 house

1558 806 1655 840 might
1677 806 1710 832 be
1732 805 1810 832 tilled

1570 841 1642 867 xvltl]
1665 841 1809 867 seculars.
