2002 3359
203 936 240 957 10

203 1216 239 1248 15

253 277 428 336 CAP.1V.]
765 289 823 320 DE
852 288 1053 320 s1MONIA.
1787 275 1852 324 ''45

255 398 379 446 magis
413 397 606 433 inhabiles
631 405 667 432 et
691 408 735 432 ea
768 395 927 432 racione
960 393 1134 442 promoti
1169 392 1405 429 altrinsecus
1441 392 1566 440 magis

253 456 435 493 inficiunt
469 468 552 491 sese
575 454 774 503 symonia:
800 462 837 489 et
860 452 1087 501 quicunque
1111 451 1251 487 dixerit
1274 452 1382 499 quod
1415 459 1567 498 spectat

254 516 303 551 ad
343 513 491 561 regalia
530 513 631 561 regis
670 512 724 548 sic
765 523 1000 559 promovere
1039 523 1130 546 suos
1171 508 1426 555 domesticos,
1473 508 1569 544 dicit

254 572 447 620 implicite
499 572 607 619 quod
663 582 727 606 rex
771 582 852 605 non
897 578 953 604 est
998 580 1062 604 rex
1110 569 1177 603 sed
1223 567 1404 603 tirannus
1449 575 1568 614 atque

255 629 453 666 hereticus
486 638 523 665 et
555 628 631 665 tiro
664 627 875 676 precipuus
909 625 1143 662 antichristi.
1179 628 1258 661 Nec
1288 625 1571 661 destitueretur

256 701 320 725 rex
344 697 506 736 propter
529 688 602 723 boc
626 684 864 723 sacerdotali
889 684 1068 729 servicio,
1103 683 1198 731 quia
1230 696 1368 719 omnes
1393 683 1570 718 redditus

256 746 365 794 regni
399 746 465 794 qui
499 754 588 781 sunt
621 744 662 780 in
691 757 811 780 manu
835 742 929 779 cleri
963 742 1191 778 sufficerent
1221 741 1403 776 exhibere
1433 740 1570 776 domui

255 817 323 841 sue
356 806 531 852 ydoneos
570 803 809 847 sacerdotes,
849 809 885 837 et
918 800 1006 836 illos
1039 799 1200 835 indubie
1233 799 1272 834 in
1307 811 1447 835 manus
1482 811 1572 834 suas

255 862 466 910 acciperet,
491 870 528 897 et
550 861 776 897 sacerdotes
799 859 873 895 sibi
896 858 1134 895 famulantes
1158 857 1241 893 sine
1264 870 1331 905 spe
1355 856 1572 904 profeccio-

255 921 315 957 nis
348 922 396 957 ad
431 932 567 956 curam
601 918 848 967 spiritualem
882 925 1046 965 propter
1078 916 1175 951 illud
1208 915 1386 951 officium
1417 915 1464 950 de
1497 913 1573 949 illis

256 979 476 1015 redditibus
520 985 770 1013 sustentaret.
826 976 939 1012 Unde
984 974 1209 1022 proditores
1255 982 1345 1009 sunt
1390 972 1492 1021 regis
1537 980 1573 1007 et

256 1037 379 1085 regni,
425 1035 494 1084 qui
525 1043 658 1072 tacent
691 1034 899 1070 disuadere
938 1032 1054 1069 istam
1089 1031 1259 1068 heresim
1299 1030 1571 1079 symoniacam

256 1095 464 1143 utriusque
508 1093 675 1138 brachii,
720 1093 781 1128 vel
824 1092 1041 1127 defendunt
1091 1091 1199 1138 quod
1245 1089 1376 1125 minus
1422 1089 1572 1125 malum

257 1162 314 1190 est
346 1153 463 1189 istam
497 1151 721 1200 symoniam
757 1149 1014 1197 multiplicari
1048 1148 1087 1184 in
1121 1147 1265 1195 regnis⁷
1312 1160 1433 1196 quam
1473 1147 1574 1182 foret

258 1211 435 1259 regimen
479 1223 620 1258 capere
653 1209 693 1245 in
726 1221 866 1245 manus
911 1207 1032 1244 laicas
1070 1218 1209 1242 omnes
1254 1206 1403 1241 reditus
1449 1204 1573 1252 regni,

258 1270 325 1319 qui
365 1269 552 1308 simulata
596 1266 815 1304 elemosina
860 1265 1088 1302 mortificati
1133 1273 1223 1300 sunt
1268 1263 1434 1300 clericis.
1489 1265 1574 1299 Hoc

259 1328 363 1364 enim
400 1328 500 1363 foret
534 1326 740 1363 restituere
774 1325 923 1361 clerum
955 1325 1003 1359 ad
1028 1322 1264 1370 dignitatem
1296 1331 1422 1358 status
1455 1334 1573 1369 quem

258 1386 438 1422 Christus
483 1384 673 1429 instituit3
720 1392 756 1420 et
796 1383 903 1419 aliud
949 1390 1006 1418 est
1055 1381 1202 1417 heresis
1246 1379 1575 1428 nephandissima

258 1457 379 1492 quam
414 1443 593 1479 Christus
633 1442 672 1478 in
711 1442 861 1489 templo
894 1448 937 1476 ut
976 1453 1041 1476 rex
1080 1439 1204 1475 iratus
1237 1437 1442 1483 destruxit,
1479 1438 1576 1473 dans

260 1503 483 1550 exemplum
524 1500 686 1537 indubie
726 1498 914 1536 membris
954 1498 1033 1534 suis
1074 1506 1111 1534 et
1150 1496 1376 1546 specialiter
1418 1495 1577 1543 regibus

260 1560 430 1596 faciendi
475 1559 671 1604 similiter,
717 1571 807 1594 cum
843 1558 986 1593 debent
1020 1556 1059 1592 in
1092 1556 1167 1592 isto
1200 1554 1426 1603 specialiter
1465 1553 1576 1601 sequi

261 1619 478 1655 Christum.
512 1619 592 1653 Nec
615 1625 774 1665 oportet
799 1616 955 1651 fidelem
980 1614 1122 1650 timere
1146 1611 1577 1650 excommunicacionis
1623 1620 1691 1648 The
1711 1619 1831 1658 faithful

261 1677 428 1713 fulmina
450 1675 489 1711 in
514 1676 586 1712 hac
610 1684 734 1723 parte,
769 1674 862 1722 quia
897 1672 1130 1710 malediccio
1160 1680 1324 1720 propter
1347 1671 1444 1706 illud
1468 1670 1579 1706 illata
1605 1655 1856 1717 ἑξέἒῃζᾌῖζιξξὲζ,

260 1743 435 1771 vertetur
479 1734 519 1769 in
563 1732 903 1773 benediccionem,
953 1740 989 1768 et
1034 1743 1153 1778 super
1195 1731 1385 1767 vecordes
1430 1729 1469 1764 in
1503 1728 1578 1764 isto
1692 1725 1767 1752 1³0⁰·

262 1792 496 1830 malediccio
520 1792 582 1828 dei
606 1792 832 1834 descendet,
867 1803 912 1826 eo
936 1791 1042 1838 quod
1068 1798 1364 1836 contemptores
1398 1787 1493 1834 legis
1517 1785 1579 1822 dei

261 1851 403 1888 timent
436 1850 630 1887 serviliter
668 1849 889 1886 rectificare
929 1847 1166 1884 elemosinas
1199 1859 1290 1883 suas
1324 1855 1361 1882 et
1393 1846 1580 1894 predece-

262 1909 447 1946 dencium
472 1921 634 1945 suorum
668 1908 887 1944 secundum
922 1906 1019 1954 legis
1053 1905 1115 1942 dei
1149 1905 1318 1953 regulas.
1352 1906 1400 1940 Et
1424 1903 1500 1939 ista
1524 1911 1580 1939 est

262 1967 464 2004 sentencia
513 1975 743 2003 sanctorum
789 1967 998 2001 doctorum
1054 1973 1090 2000 et
1134 1964 1266 2011 legum
1319 1962 1497 2007 ecclesie,
1545 1969 1581 1996 et

261 2025 488 2078 specialiter
520 2024 646 2061 sancti
678 2037 781 2072 pape
814 2023 1006 2071 Gregorii.

322 2085 398 2120 Sed
414 2084 618 2120 redeundo
634 2082 806 2119 obicitur
821 2094 891 2130 per
906 2082 980 2118 hoc
995 2081 1103 2129 quod
1119 2080 1230 2127 glosa
1244 2078 1448 2115 ordinaria
1463 2089 1582 2125 super

264 2143 286 2179 8
312 2142 560 2190 questiones
592 2149 629 2177 et
652 2140 759 2177 dicto
793 2139 897 2176 beati
918 2138 1111 2176 Jeronimi
1144 2138 1184 2174 in
1217 2151 1303 2186 cap.
1331 2137 1439 2173 Licet
1471 2148 1583 2186 ergo,

263 2209 371 2237 tenet
394 2213 483 2236 cum
508 2200 618 2248 glosa
637 2198 831 2247 Hugonis,
856 2199 962 2246 quod
987 2197 1134 2233 sufficit
1155 2196 1194 2232 in
1218 2195 1417 2232 eleccione
1441 2193 1582 2242 prelati

283 2428 286 2430 .
335 2415 356 2434 1.
373 2407 552 2434 alterutrum
568 2405 751 2434 altrinsecus
765 2405 790 2437 b,
804 2403 987 2432 altrinsecus
1002 2403 1077 2431 cclelz
1091 2402 1124 2438 (d
1137 2402 1168 2430 in
1183 2402 1272 2437 ras),
1288 2402 1467 2429 alterutrum
1480 2399 1585 2428 ceteri.

266 2439 291 2468 3.
313 2441 458 2477 regaliam
479 2442 577 2474 acelz;
602 2441 640 2467 ib.
662 2440 773 2467 dicitur
792 2439 920 2467 codices.
1020 2448 1049 2472 4.
1072 2442 1124 2465 aut
1140 2445 1200 2473 pro
1222 2441 1313 2472 atque
1332 2444 1388 2471 ag.
1488 2435 1512 2463 5.
1535 2435 1586 2462 de-

267 2480 436 2503 strueretur
461 2476 563 2514 bees&
591 2484 672 2503 corr.
701 2475 731 2502 in
758 2474 975 2501 destitueretur
993 2474 1024 2501 d.
1149 2474 1178 2500 6.
1205 2472 1279 2499 iliud
1304 2479 1365 2507 pro
1392 2471 1450 2498 hoc
1479 2470 1584 2497 ceteri.

267 2511 294 2538 8.
322 2511 391 2538 illos
417 2511 481 2545 eelz,
511 2512 588 2538 istos
614 2510 719 2538 ceteri.
829 2517 870 2536 10.
899 2508 1017 2536 curiam
1045 2515 1128 2536 corr.
1157 2507 1187 2534 in
1214 2514 1321 2534 curam
1348 2513 1378 2537 a,
1407 2505 1525 2533 curiam
1552 2513 1585 2539 g.

269 2544 307 2573 13.
329 2545 462 2573 maxime
483 2546 599 2573 malum
614 2545 644 2577 ι’,·
663 2545 694 2572 in
710 2547 793 2573 textu
809 2544 912 2571 minus
927 2543 1137 2577 manifestum,
1158 2542 1200 2569 al.
1215 2549 1253 2568 m.
1270 2541 1404 2568 maxime
1419 2540 1534 2568 maium
1549 2539 1589 2571 d,-

268 2580 372 2607 minus
393 2580 592 2608 manifestum
604 2580 672 2616 fg‚·
697 2581 812 2607 malum
834 2579 864 2606 in
886 2586 950 2605 ras.
971 2586 1000 2605 α.
1134 2576 1173 2605 15.
1195 2575 1276 2611 regis
1291 2583 1354 2610 pro
1375 2576 1459 2611 regni
1481 2574 1586 2602 ceteri.

269 2622 308 2651 17.
330 2615 488 2642 restitucio
509 2616 538 2643 lz.
613 2623 656 2650 19.
677 2618 709 2642 ut
728 2622 821 2650 quam
842 2614 863 2648 i,
884 2617 917 2640 ut
936 2613 976 2640 al.
992 2621 1030 2639 m.
1045 2620 1075 2640 a.
1149 2619 1188 2639 21.
1210 2611 1322 2638 debent
1343 2610 1421 2642 bcelz,
1443 2609 1590 2637 deberent

269 2650 374 2677 ceteri.
429 2649 472 2677 23.
493 2649 568 2677 illud
589 2649 671 2676 idem
691 2649 748 2676 bde
765 2658 798 2686 g.
853 2648 896 2676 25.
918 2647 1078 2675 descendit
1098 2646 1162 2680 celz,
1184 2645 1232 2673 dei
1246 2653 1306 2672 om.
1322 2645 1340 2672 i.
1397 2645 1444 2679 26,
1460 2652 1504 2680 27.
1543 2652 1587 2671 re-

270 2684 488 2712 decedencium
508 2693 562 2721 ag,
583 2688 707 2720 patrum
766 2684 810 2718 (z'n
830 2683 916 2718 raa),
937 2683 966 2716 lz,
989 2682 1143 2718 premium
1165 2680 1268 2708 ceteri.
1348 2688 1392 2716 27.
1416 2687 1509 2706 secun
1536 2687 1587 2705 um

270 2719 351 2754 leges
371 2719 419 2747 dei
440 2720 509 2756 asg,
530 2727 589 2747 sec.
604 2720 686 2755 leges
700 2718 749 2746 dei
763 2717 935 2746 contrarias
949 2717 993 2752 be,
1015 2725 1074 2744 sec.
1091 2717 1172 2752 leges
1193 2714 1241 2742 dei
1257 2715 1377 2750 regulas
1393 2722 1418 2749 c,
1439 2722 1498 2741 sec.
1514 2713 1589 2749 legis

270 2754 319 2781 dei
340 2754 460 2790 regulas
481 2754 613 2790 (regulas
631 2754 673 2781 al.
694 2754 745 2789 m.)
764 2753 794 2781 d.
867 2752 906 2780 31.
927 2752 1010 2779 dicto
1030 2751 1116 2786 cdeh,
1137 2750 1219 2778 dicta
1239 2750 1343 2778 ceteri.

342 2883 396 2916 29.
415 2873 520 2915 Corp.
539 2873 602 2904 iur.
622 2873 646 2913 1,
675 2872 738 2916 592
767 2872 810 2914 (c.
829 2882 860 2915 9,
888 2871 926 2903 C.
945 2870 976 2912 8,
1004 2881 1038 2913 q.
1061 2870 1104 2912 1).
1185 2869 1239 2902 31.
1261 2869 1345 2901 lbid.
1365 2867 1431 2912 :394
1457 2870 1501 2910 (c.
1524 2867 1590 2909 15).

273 2920 398 2952 Glossa
436 2919 610 2951 ordinaria
648 2919 683 2950 in
709 2919 859 2950 editione
887 2918 990 2960 Corp.
1017 2918 1080 2948 iur.
1107 2927 1136 2948 a.
1168 2914 1265 2956 1506,
1293 2915 1316 2948 ᾗ
1347 2913 1425 2959 179b
1453 2921 1486 2947 et
1516 2913 1590 2946 180.
