2002 3359
242 293 329 322 CAP.
353 283 390 340 1.]
772 295 829 326 ni:
858 295 1056 326 simoth.

240 412 420 451 tempore
452 403 548 451 legis
582 402 713 451 gracie
747 411 885 439 contra
917 401 1044 450 ipsam
1075 400 1249 449 graciam
1275 400 1550 449 gravissimum

240 470 510 510 peccatorum.
556 464 604 498 Et
649 474 737 497 cum
783 460 940 508 gravius
980 469 1146 508 peccant
1187 461 1366 495 membra
1406 459 1553 495 diaboli

239 528 420 567 tempore
465 519 560 567 legis
605 519 749 567 gracie,
789 531 909 567 quam
943 527 1123 566 tempore
1157 518 1253 565 legis
1286 527 1426 554 nature
1465 530 1554 565 pec-

240 586 439 624 caverant,
473 578 676 626 signanter
708 576 803 613 dicit
837 576 1016 612 Christus
1049 576 1289 624 symoniacis
1322 577 1462 612 Matth.
1497 588 1553 620 10,

207 637 346 684 5quod
391 635 651 672 tollerabilius
691 635 764 671 erit
802 643 906 671 terre
939 635 1207 671 Sodomorum
1249 634 1289 670 in
1321 634 1383 670 die
1416 633 1552 670 iudicii

241 707 361 741 quam
386 695 534 742 populo
558 693 713 730 eicienti
738 692 878 741 dignos
901 692 1138 740 prepositos.
1174 695 1222 728 Et
1245 693 1284 728 in
1308 692 1463 740 signum
1489 693 1554 728 de-

240 752 469 788 testacionis
494 751 723 788 huiusmodi
754 750 907 799 peccati
933 750 1112 787 Christus
1136 750 1280 798 legitur
1303 750 1361 786 bis
1385 750 1553 786 intrasse

241 810 435 857 templum
470 819 511 846 ut
551 809 748 855 dominus,
790 808 940 845 scilicet
971 810 1057 845 Joh.
1094 819 1114 844 2
1158 818 1195 845 et
1227 810 1369 845 Matth.
1406 819 1472 853 21,
1518 817 1553 844 et

241 876 463 904 mercantes
502 868 542 904 in
580 868 730 915 templo
771 867 897 915 figura
936 866 1228 904 notabilissima
1268 876 1305 903 et
1338 866 1554 902 iustissima

186 939 224 960 10
242 925 414 962 eiecisse.
460 929 508 962 Et
553 925 643 962 hinc
688 925 783 962 dicit
822 925 985 973 quidam
1031 926 1137 973 quod
1182 925 1341 962 iuvante
1386 924 1553 961 seculari

241 983 404 1019 brachio
447 984 534 1020 fons
578 983 771 1032 symonie,
816 983 1059 1020 Avinonicus
1104 983 1233 1029 nidus,
1288 996 1330 1019 ex
1374 996 1414 1019 se
1458 996 1555 1031 quo—

240 1042 457 1078 dammodo
491 1042 719 1090 dissipatur.
762 1042 839 1088 Qui
873 1041 977 1078 enim
1013 1042 1193 1078 solebant
1227 1042 1432 1078 columbas
1465 1054 1555 1077 ven-

240 1101 333 1135 dere
372 1102 504 1148 quoad
544 1100 795 1149 pinguiorem
836 1109 1105 1137 mercaturam
1145 1101 1192 1136 de
1232 1100 1312 1136 suis
1357 1099 1556 1136 cathedris

240 1166 329 1194 sunt
363 1157 518 1204 deiecti,
554 1168 590 1195 et
614 1172 653 1195 es
676 1159 783 1207 quod
817 1159 969 1194 solebat
1001 1158 1167 1195 formari
1190 1171 1260 1206 per
1284 1171 1349 1194 eos
1373 1159 1420 1194 de
1444 1157 1556 1193 bonis

189 1219 223 1252 15
241 1229 462 1264 pauperum
516 1216 694 1253 Christus
746 1216 882 1253 effudit
934 1229 1005 1264 per
1054 1216 1136 1253 vias
1188 1216 1455 1261 absconditas,
1508 1229 1556 1251 ne

241 1274 539 1311 communicent
572 1275 669 1311 illud
702 1274 743 1311 in
776 1274 922 1311 mensis
955 1288 1107 1311 eorum.
1143 1276 1220 1311 Sed
1253 1274 1376 1311 timeo
1410 1276 1457 1310 de
1491 1274 1557 1310 illa

242 1332 459 1380 prophecia
476 1333 637 1379 Elizei4
654 1335 804 1381 Regum
831 1334 847 1369 5
876 1334 997 1381 ‘quod
1020 1334 1130 1381 lepra
1145 1335 1328 1369 Naaman
1351 1332 1557 1369 adherebit

239 1390 316 1426 Jesi
350 1399 387 1427 et
419 1391 560 1428 semini
593 1404 664 1428 suo
697 1391 737 1428 in
769 1391 1085 1439 sempiternum'.
1126 1393 1225 1428 Cum
1260 1391 1363 1427 enim
1398 1404 1557 1427 necesse

242 1448 291 1484 sit
334 1449 485 1496 lepram
532 1449 711 1498 symonie
754 1449 887 1498 spargi
926 1449 965 1485 in
1006 1449 1213 1486 ecclesiam
1255 1458 1292 1486 et
1331 1450 1476 1486 habere
1516 1457 1557 1485 ut

186 1523 227 1543 20
244 1506 439 1543 mineram
479 1521 602 1544 unum
643 1507 813 1556 capitale
854 1508 1095 1554 cubiculum,
1141 1516 1328 1545 enervata
1366 1507 1405 1543 in
1444 1516 1557 1555 parte

242 1564 317 1601 ista
350 1565 516 1612 minera,
561 1566 753 1614 surrepsit
786 1565 882 1612 alia,
929 1575 966 1602 et
1004 1566 1229 1602 timendum
1263 1575 1333 1612 est,
1375 1567 1482 1613 quod
1516 1565 1555 1601 in

242 1636 386 1671 penam
427 1624 581 1671 peccati
620 1624 862 1661 invalescent
895 1626 1011 1661 ambe
1043 1625 1103 1661 vel
1136 1625 1273 1671 altera,
1308 1633 1345 1660 et
1379 1624 1466 1672 plus
1500 1623 1557 1659 in-

242 1681 376 1718 ficient
421 1682 630 1719 ecclesiam
674 1682 712 1718 in
758 1696 903 1730 penam
942 1683 1096 1731 peccati
1136 1682 1280 1731 prioris
1319 1681 1555 1719 absconditi.

299 1740 375 1775 Sed
399 1753 521 1776 unum
546 1742 675 1777 audeo
698 1740 990 1789 prophetizare,
1015 1742 1122 1789 quod
1147 1741 1334 1777 continue
1358 1742 1557 1777 durabunt

185 1797 380 1845 25prelia,
415 1798 558 1846 quibus
582 1808 793 1847 consurget
826 1812 920 1847 gens
955 1808 1094 1836 contra
1127 1808 1284 1847 gentem
1320 1808 1356 1835 et
1390 1811 1555 1847 regnum

241 1856 428 1892 adversus
452 1870 632 1905 regnum,
663 1870 783 1905 quam
808 1857 874 1893 diu
898 1858 973 1894 ista
995 1857 1116 1905 pestis
1139 1857 1319 1906 symonie
1343 1856 1555 1894 duraverit.

241 1915 342 1950 Nam
359 1927 429 1962 per
443 1914 560 1951 istam
580 1916 732 1963 lepram
748 1915 955 1963 potissime
972 1915 1333 1961 discontinuantur,
1358 1916 1555 1961 fedantur,

243 1980 279 2008 et
311 1971 543 2009 inficiuntur
576 1975 756 2010 membra
789 1974 953 2010 ecclesie
993 1983 1029 2010 et
1062 1986 1133 2022 per
1165 1986 1412 2021 consequens
1445 1986 1557 2021 sepa-

243 2038 382 2066 rantur
414 2043 436 2067 a
470 2031 613 2079 capite,
653 2045 744 2080 rege
776 2032 958 2080 pacifico.
1005 2035 1052 2068 Et
1092 2033 1163 2068 hec
1203 2041 1259 2068 est
1292 2031 1400 2068 racio
1434 2044 1557 2079 quare

185 2092 227 2123 30
243 2096 324 2124 tam
349 2090 488 2125 crebro
511 2098 676 2126 vocatur
699 2090 846 2126 heresis
870 2099 966 2138 aput
989 2091 1173 2126 doctores
1197 2099 1233 2126 et
1256 2090 1361 2137 leges
1393 2089 1557 2126 ecclesie

242 2155 284 2182 ut
307 2155 416 2194 patet
446 2160 477 2194 1,
508 2147 715 2196 questione
745 2161 776 2195 1,
802 2148 879 2194 Qui
902 2150 1047 2195 studet,
1073 2157 1109 2185 et
1134 2147 1371 2197 Quicunque
1396 2156 1431 2184 et
1455 2149 1555 2184 Cum

243 2203 395 2252 liqueat
428 2214 466 2241 et
499 2218 585 2254 cap.
611 2206 813 2251 Quociens
846 2206 887 2242 in
923 2207 940 2242 5
979 2206 1240 2243 decretalium
1275 2208 1332 2242 De
1365 2205 1557 2254 Symonia

244 2275 334 2298 cum
368 2263 502 2300 multis
534 2264 686 2312 legibus
718 2264 914 2301 similibus
948 2264 1014 2301 eis.
1049 2267 1097 2301 Et
1120 2264 1211 2301 hinc
1238 2265 1273 2311 3,
1297 2266 1391 2312 Reg.
1423 2265 1465 2300 13
1502 2264 1557 2300 sic

311 2373 335 2401 5.
357 2378 401 2401 est
420 2374 449 2401 Ιι.
505 2383 531 2410 7.
554 2375 639 2402 modi
659 2384 717 2403 om.
739 2377 842 2404 ceteri.
898 2377 925 2404 8.
948 2376 1012 2404 scil.
1033 2384 1091 2403 om.
1113 2375 1180 2411 afg.
1237 2384 1265 2411 9.
1288 2377 1318 2404 in
1338 2379 1422 2404 textu
1442 2384 1558 2403 merca-

241 2412 334 2441 toreS‚
354 2409 395 2435 al.
411 2417 448 2435 m.
466 2414 641 2448 'mercantes
661 2418 700 2440 a:
719 2411 757 2438 ib.
779 2411 973 2438 nobilissima
994 2412 1013 2438 i.
1071 2419 1112 2438 10.
1129 2410 1254 2445 quidem
1274 2411 1302 2438 h.
1360 2419 1393 2438 11.
1406 2410 1558 2438 Avinoni-

241 2450 295 2470 cus
308 2443 338 2481 13,
353 2451 530 2482 armonicus
544 2445 641 2472 ceteri
649 2455 658 2476 ,·
671 2445 708 2472 ib.
724 2446 816 2473 nidus
830 2446 865 2473 Izi
873 2446 935 2473 soli
987 2445 1024 2474 13.
1041 2454 1101 2481 quo
1116 2454 1174 2473 om.
1190 2446 1219 2478 i,·
1232 2446 1270 2472 ib.
1286 2446 1521 2474 mercimoniam
1537 2446 1557 2472 ι’.

241 2478 502 2516 145e1ect1ceteri.
574 2479 610 2513 15,
632 2480 673 2507 16.
689 2489 752 2516 pro
777 2489 814 2508 ne
834 2481 1080 2508 communicent:
1102 2489 1138 2507 ne
1158 2484 1349 2508 contractem
1368 2481 1396 2512 d.
1418 2489 1455 2508 ne
1474 2489 1558 2508 com-

242 2516 398 2551 mitterent
416 2513 454 2545 Ιι,·
473 2521 533 2548 qua
552 2517 717 2542 tractarent
737 2516 765 2545 i,-
785 2516 815 2542 in
836 2518 919 2543 textu
939 2515 1138 2549 communic.,
1159 2516 1201 2542 al.
1222 2524 1259 2542 m.
1281 2520 1507 2543 contractarent
1526 2524 1555 2543 a.

243 2548 283 2573 10.
306 2555 369 2574 suis
384 2555 446 2582 pro
467 2556 573 2575 eorum
586 2549 606 2576 ι’.
680 2557 719 2585 171
735 2550 902 2577 adherebat
913 2551 932 2578 i.
1006 2558 1053 2578 20.
1075 2550 1226 2577 mineram
1247 2550 1302 2583 elz;
1321 2555 1491 2578 maternam
1513 2551 1558 2581 cti,

243 2585 415 2609 matronam
437 2584 550 2615 ceteris
568 2583 605 2611 ib.
627 2589 804 2612 enumerata
818 2593 880 2620 pro
900 2593 1001 2613 enerv.
1023 2585 1042 2612 ί.
1159 2592 1198 2612 21.
1220 2585 1339 2612 minera
1358 2585 1408 2617 lzz';
1428 2585 1557 2613 minima

242 2616 345 2655 ceterzj.
400 2624 443 2644 22.
464 2618 579 2652 peccati
599 2618 618 2645 Ιι
636 2619 743 2647 solum.
799 2628 845 2653 24.
869 2620 1054 2660 prophetare
1073 2620 1179 2648 ceteri.
1246 2620 1293 2647 26.
1315 2619 1439 2647 durabit
1451 2621 1556 2647 ceteri.

242 2657 287 2689 37.
309 2650 536 2679 discontinuam
558 2653 579 2679 i.
633 2660 680 2688 29.
698 2662 792 2688 regno
813 2654 904 2691 bcdf;
922 2655 960 2682 τί).
982 2659 1027 2682 est
1046 2663 1104 2682 om.
1119 2655 1148 2682 Ιι.
1213 2652 1252 2681 31.
1277 2654 1405 2690 Quecun
1432 2664 1467 2682 ue
1488 2655 1554 2691 hcg.

243 2683 286 2712 32.
308 2684 339 2724 ²5.
354 2693 416 2725 pro
436 2690 465 2713 et
484 2687 497 2714 5
518 2695 580 2723 ag,·
601 2687 638 2715 ib.
660 2692 688 2715 et
706 2688 737 2716 in
758 2689 771 2717 5
792 2689 904 2717 decret.
925 2690 962 2717 D.
983 2690 1016 2718 S.
1039 2690 1137 2725 Quoc.
1160 2689 1263 2716 ceteri.
1398 2688 1413 2717 3
1435 2711 1441 2716 .
1462 2688 1477 2717 3
1497 2698 1554 2717 om.

243 2719 351 2755 abcqs;
371 2720 410 2747 zb.
429 2720 516 2749 Rom.
533 2730 595 2757 pro
614 2721 684 2758 ch.
705 2732 777 2760 aeg.

312 2791 345 2821 4.
371 2780 490 2813 Matth.
527 2792 576 2821 10,
614 2783 664 2815 15.
783 2783 815 2816 8.
840 2784 918 2817 Joh.
951 2795 980 2825 2,
1025 2785 1061 2817 13
1102 2795 1212 2826 seqq„
1250 2783 1369 2817 Matth.
1409 2795 1462 2825 21,
1506 2795 1556 2816 12.

249 2837 299 2869 17.
331 2837 353 2868 4
378 2827 463 2868 Reg.
489 2828 520 2868 5,
555 2838 571 2859 2
599 2852 608 2860 .
751 2832 804 2864 31.
832 2832 936 2873 Corp.
969 2832 1032 2863 iur.
1064 2841 1138 2862 can.
1170 2831 1193 2871 Ι,
1222 2829 1297 2870 360,
1332 2831 1391 2864 361
1446 2842 1473 2863 c.
1506 2842 1555 2870 11,

249 2883 298 2913 12,
336 2874 386 2913 13,
419 2873 457 2904 C.
494 2884 521 2914 1,
554 2884 584 2916 7,
622 2879 664 2916 1).
773 2878 822 2912 32·
859 2878 963 2920 Corp.
995 2878 1059 2909 iur.
1092 2887 1165 2908 can.
1198 2877 1222 2917 Ι,
1255 2877 1322 2919 750
1353 2879 1398 2919 (V
1446 2879 1474 2917 ’5,
1509 2877 1554 2918 5).

246 2921 298 2953 33.
327 2920 343 2952 5’
372 2920 456 2962 Reg.
489 2921 538 2960 13,
567 2921 619 2961 33,
649 2922 701 2962 34·

1599 931 1743 965 Avignon
1766 931 1814 969 the

1629 974 1736 1004 source
1756 968 1786 993 01

1641 1009 1773 1038 simony.

1627 1746 1704 1773 XVar
1725 1745 1785 1773 will

1572 1781 1716 1808 continue
1727 1790 1760 1807 as
1774 1781 1845 1815 long

1573 1824 1606 1842 as
1625 1815 1746 1852 simony
1762 1816 1845 1843 lasts.
