2002 3359
776 298 834 329 DE
862 298 1063 329 SIMONIA.
1428 291 1516 320 CAP.
1540 292 1576 320 V.
1815 287 1863 322 63

264 405 414 446 statuit,
468 414 509 440 ut
561 405 615 440 sic
670 404 748 440 fiat.
805 404 944 440 Nullus
997 404 1117 451 igitur
1171 403 1399 439 mortalium
1463 404 1577 438 debet

263 463 565 499 ordinacionem
599 464 658 498 vel
691 464 895 498 decretum
930 462 1029 498 tanti
1069 461 1192 509 patris
1232 474 1457 508 supponere
1497 474 1579 497 esse

263 521 461 567 illicitum,
501 522 568 557 sed
608 529 817 568 acceptare
856 520 986 567 ipsum
1026 519 1232 555 humiliter
1270 528 1307 555 et
1347 518 1580 555 obedienter

264 588 306 615 ut
346 578 628 627 ewangelium3
676 591 722 614 eo
766 578 852 626 ipso
898 578 1032 625 itaque
1078 590 1157 625 quo
1205 590 1227 613 a
1270 590 1376 625 papa
1420 585 1580 613 emanat

231 639 483 677 5decretum,
519 650 562 673 ex
591 636 894 684 dispensacione
927 648 998 671 sua
1032 635 1073 671 fit
1097 635 1264 681 licitum,
1299 635 1390 671 licet
1420 635 1581 671 aliunde

264 696 364 732 foret
407 695 699 744 symoniacum,
746 694 840 742 quia
884 693 998 729 aliter
1042 706 1148 741 papa
1191 706 1271 729 non
1316 702 1450 741 posset
1490 706 1579 729 cum

265 754 495 802 symoniaco
529 752 771 800 dispensare.

323 811 396 848 Hic
446 811 591 847 dicitur
635 812 742 858 quod
792 823 930 846 omnes
974 809 1041 857 qui
1093 809 1331 845 blasfemant
1379 809 1419 845 in
1465 809 1581 845 istam
1605 815 1807 855 Tliisissi111
1835 817 1863 852 ly

265 869 510 906 sentenciam
565 869 756 905 extollunt
809 867 1088 904 antichristum
1143 880 1260 915 super
1312 880 1430 903 omne
1475 869 1582 915 quod
1610 855 1853 921 settggssgigstie

212 939 250 962 10
267 928 412 964 dicitur
436 929 545 973 deus,
577 926 671 975 quia
701 927 873 962 innuunt
897 939 1041 973 papam
1069 925 1371 973 inpeccabilem,
1404 935 1439 962 et
1464 938 1583 973 super
1641 921 1824 949 Antichrist.

267 987 340 1022 hoc
364 998 478 1034 posse
502 985 556 1021 sic
575 986 717 1027 facere,
743 986 850 1033 quod
875 984 1038 1020 indubie
1062 983 1242 1020 Christus
1266 996 1338 1020 nec
1361 985 1581 1020 secundum

266 1044 454 1080 deitatem
508 1056 580 1080 nec
633 1044 852 1079 secundum
913 1042 1204 1078 humanitatem
1257 1051 1388 1089 potest
1441 1042 1582 1078 facere.

265 1104 370 1145 Ideo,
424 1115 514 1138 cum
568 1114 672 1149 papa
725 1101 774 1137 sit
827 1114 982 1137 summe
1041 1100 1269 1148 peccabilis,
1322 1100 1427 1136 idem
1483 1101 1583 1136 foret

266 1160 469 1197 hominem
504 1160 730 1208 prohibere,
765 1173 813 1195 ne
852 1168 1045 1195 tractetur
1079 1160 1126 1194 de
1164 1171 1235 1194 sua
1267 1167 1476 1206 potestate,
1511 1171 1583 1194 nec

213 1219 463 1255 15iudicetur
495 1231 595 1266 opus
628 1231 743 1254 suum
779 1230 861 1254 esse
900 1216 1092 1253 iniustum
1126 1216 1323 1264 quidquid
1357 1216 1506 1259 fecerit,
1547 1226 1583 1252 et

266 1277 396 1325 ipsum
430 1290 470 1313 se
502 1276 681 1324 profiteri
715 1275 938 1312 antichristi
963 1275 1203 1322 discipulum
1238 1284 1274 1311 et
1297 1275 1445 1311 scolam
1470 1287 1582 1310 suam

266 1336 364 1371 velle
388 1344 529 1371 contra
552 1334 755 1370 Christum
787 1334 1011 1369 defendere.
1049 1335 1096 1368 Et
1126 1333 1215 1369 ideo
1239 1333 1328 1369 dico
1353 1346 1441 1369 cum
1468 1335 1583 1369 beato

268 1393 520 1441 ewangelista
573 1393 679 1441 quod
732 1391 955 1428 antichristi
1008 1391 1099 1427 facti
1158 1400 1249 1426 sunt
1309 1391 1436 1435 multi,
1490 1391 1584 1439 quia

267 1464 406 1488 omnes
440 1451 507 1499 qui
540 1463 661 1498 opere
694 1451 754 1486 vel
778 1450 911 1486 favore
945 1458 1081 1486 tenent
1114 1462 1205 1485 cum
1230 1449 1336 1485 dicta
1366 1449 1582 1495 sentencia,

211 1523 252 1544 20
268 1518 359 1546 sunt
397 1509 633 1546 antichristi.
679 1511 759 1545 Nec
793 1508 1006 1544 timeamus
1046 1507 1248 1555 corripere
1280 1520 1441 1555 papam,
1488 1509 1581 1543 dum
1616 1513 1676 1552 We
1698 1517 1854 1541 musrnot

268 1568 308 1604 in
368 1567 591 1616 periculum
652 1566 816 1603 ecclesie
876 1566 931 1602 sic
984 1565 1193 1614 delinquit,
1249 1565 1343 1613 quia
1396 1578 1439 1602 ex
1492 1565 1582 1601 hinc
1612 1551 1863 1619 ¹⁰²¹1¹il4t3⁰452⁶ss¹5⁰m

268 1625 448 1662 Christus
486 1625 640 1662 vocavit
674 1627 833 1661 Petrum
868 1625 1101 1670 Sathanam,
1135 1625 1274 1660 Matth.
1309 1625 1370 1670 16,
1409 1636 1458 1660 ne
1489 1623 1584 1660 levis

268 1685 386 1732 culpa
418 1697 488 1720 sua
520 1683 708 1720 transiret
741 1696 763 1719 a
796 1682 983 1719 fratribus
1016 1681 1212 1730 inpunita,
1248 1690 1284 1718 et
1315 1682 1406 1718 hinc
1440 1682 1584 1718 Paulus

267 1742 307 1778 in
340 1742 440 1779 facie
473 1741 616 1778 restitit
636 1743 765 1785 Petro,
800 1740 894 1789 quia
927 1740 1252 1788 reprehensibilis
1286 1750 1382 1786 erat,
1417 1741 1516 1777 Gall.
1546 1750 1580 1776 2.

212 1802 397 1837 25Ambo
435 1800 510 1837 ista
548 1799 711 1836 indubie
745 1800 793 1835 ad
827 1808 1005 1835 nostram
1039 1798 1264 1835 doctrinam
1298 1798 1447 1847 scripta
1479 1807 1581 1834 sunt.

268 1861 316 1895 Et
349 1859 441 1894 hinc
475 1871 628 1895 cesares
662 1867 699 1894 et
732 1858 854 1893 multe
883 1857 1145 1905 particulares
1170 1857 1335 1893 ecclesie
1363 1858 1583 1893 secundum

268 1918 373 1965 leges
418 1929 507 1953 suas
555 1917 703 1953 nedum
750 1915 978 1952 restiterant
1022 1916 1090 1951 sed
1124 1916 1394 1963 deposuerant
1438 1915 1584 1951 multos

268 1987 406 2023 papas,
431 1975 525 2023 quia
547 1974 662 2011 aliter
684 1982 888 2022 oporteret
911 1975 1123 2021 desperare
1139 1975 1187 2009 de
1210 1986 1315 2021 papa
1337 1982 1529 2021 peccante
1549 1982 1585 2009 et

268 2033 380 2069 odire
402 2033 610 2069 ecclesiam
630 2045 750 2080 quam
775 2031 939 2068 seducit.
967 2032 1082 2068 Unde
1099 2031 1196 2067 nulli
1216 2032 1305 2079 plus
1324 2031 1585 2068 inimicantur

213 2094 255 2125 '30
269 2091 382 2140 papis
415 2104 460 2127 ac
493 2090 751 2139 pontificibus
774 2103 895 2138 quam
926 2089 982 2126 illi
1006 2089 1215 2125 domestici
1239 2089 1307 2138 qui
1341 2099 1495 2126 cessant
1520 2102 1585 2125 eos

270 2149 485 2197 corripere,
521 2158 558 2185 et
592 2158 739 2185 statum
773 2161 889 2184 suum
923 2157 959 2184 et
991 2147 1113 2184 'vitam
1147 2161 1259 2184 suam
1305 2161 1386 2184 non
1431 2157 1585 2184 cessant

269 2208 504 2256 blasphemo
537 2206 784 2244 adulacionis
818 2207 906 2243 oleo
939 2205 1119 2242 delinire.
1155 2208 1244 2242 Non
1276 2206 1331 2242 sic
1365 2206 1470 2242 enim
1494 2205 1585 2242 fecit

270 2268 407 2302 beatus
453 2266 679 2301 Bernardus
732 2278 821 2301 cum
875 2277 980 2312 papa
1030 2263 1223 2311 Eugenio,
1277 2277 1397 2312 quem
1449 2273 1583 2300 tamen

340 2396 360 2415 1.
381 2392 495 2415 statuat
514 2388 611 2416 ceteri
628 2387 670 2421 (in
685 2387 706 2414 d
719 2395 800 2414 corr.
816 2387 846 2414 in
867 2402 898 2406 -
919 2387 968 2421 it);
989 2387 1027 2414 ib.
1044 2386 1140 2413 eciam
1162 2391 1231 2413 stat.
1253 2391 1285 2413 ut
1303 2386 1375 2422 εἶβε,
1397 2391 1466 2414 stat.
1488 2387 1584 2414 eciam

270 2427 302 2450 ut
322 2423 369 2455 bi‚·
393 2423 431 2449 ib.
453 2431 525 2458 ergo
542 2431 603 2458 pro
623 2422 716 2457 igitur
735 2422 840 2449 ceteri.
924 2422 948 2450 5.
971 2422 1010 2449 sit
1029 2422 1102 2448 licit.
1125 2422 1153 2448 Ιι,
1239 2421 1263 2456 5,
1286 2423 1314 2449 6.
1336 2422 1393 2449 for.
1415 2422 1452 2448 al.
1474 2422 1587 2454 ceteri,-

269 2458 306 2485 ib.
329 2462 447 2492 poterat
468 2458 497 2491 cl,
519 2457 632 2492 poterit
652 2457 757 2484 ceteri.
858 2458 886 2490 Γ),
909 2465 934 2492 7.
957 2465 1027 2484 cum
1049 2465 1128 2492 sym.
1150 2457 1192 2483 al.
1213 2465 1250 2483 m.
1272 2456 1299 2483 Ιι.
1402 2465 1436 2484 11.
1459 2456 1516 2483 fac.
1539 2457 1583 2483 sic

270 2492 374 2519 ceteri.
466 2500 505 2520 12.
527 2492 597 2519 deit.
617 2492 699 2525 been,
720 2492 913 2519 divinitatem
935 2492 1048 2521 celeri:
1076 2499 1130 2518 nec
1150 2499 1209 2518 sec.
1232 2491 1328 2521 hum„
1351 2499 1380 2518 n.
1403 2500 1425 2518 s.
1448 2491 1510 2519 div,
1530 2499 1584 2527 ag.

271 2535 312 2559 14.
342 2527 459 2554 homini
481 2527 584 2554 ceteri.
694 2527 731 2554 15.
759 2527 909 2554 iniustum
936 2528 972 2555 11:
996 2527 1037 2554 al.
1057 2534 1094 2553 m.
1117 2529 1151 2553 ut
1168 2526 1196 2555 lz.
1223 2526 1254 2553 in
1275 2528 1360 2553 textu
1386 2526 1527 2561 iniquum
1555 2526 1585 2560 d,

270 2561 411 2596 iniquum
432 2562 544 2594 celeri,-
563 2562 600 2589 ib.
616 2566 644 2588 et
658 2562 699 2588 al.
715 2570 751 2588 m.
767 2562 795 2588 Ιι.
853 2561 893 2589 18.
909 2561 1071 2588 manifeste
1083 2568 1142 2594 pro
1158 2561 1307 2596 multifg,
1323 2561 1354 2588 in
1368 2564 1453 2588 textu
1467 2561 1587 2592 manif„

271 2596 358 2623 multi
379 2597 420 2623 al.
442 2605 479 2623 m.
500 2597 552 2629 ad,
573 2596 660 2623 multi
682 2596 787 2623 manif.
809 2596 847 2623 bi.
911 2604 952 2631 19.
974 2596 1026 2632 qui
1046 2604 1116 2623 eum
1137 2603 1230 2630 opere
1249 2596 1318 2631 asg,
1338 2604 1367 2630 q.
1389 2600 1450 2622 tam
1472 2604 1522 2631 op.
1543 2597 1586 2629 bc,

272 2638 341 2657 cum
363 2631 522 2659 cancellat.
543 2632 572 2664 d,
594 2639 663 2658 cum
685 2632 713 2663 z';
734 2632 771 2658 ih.
794 2636 822 2658 et
841 2631 900 2658 faV.
923 2631 1026 2658 celeri.
1100 2637 1146 2657 20.
1169 2634 1239 2657 sunt
1259 2638 1316 2657 om.
1338 2630 1463 2666 cdesglz,
1484 2631 1525 2658 al.
1546 2639 1584 2657 m.

271 2665 342 2692 add.
364 2673 393 2693 a.
483 2673 522 2693 21.
544 2666 671 2701 deliquit
690 2666 764 2700 abg,
786 2674 868 2693 corr.
890 2674 928 2693 ex
947 2665 1098 2700 delinquit
1114 2665 1148 2700 s.
1235 2672 1276 2691 22.
1300 2664 1372 2692 Chr.
1395 2673 1439 2692 sic
1459 2673 1525 2692 voc.
1547 2665 1585 2696 hi,

272 2700 315 2726 sic
333 2700 374 2727 al.
396 2709 433 2727 m.
454 2708 482 2726 a.
556 2699 599 2727 23.
626 2701 772 2728 transiret
793 2701 837 2728 sic
857 2709 873 2728 a
893 2701 912 2733 i,
940 2701 983 2728 sic
1009 2701 1050 2727 al.
1072 2708 1108 2726 m.
1129 2707 1158 2726 α.
1232 2699 1274 2726 25.
1300 2699 1339 2726 Et
1358 2700 1451 2727 ambo
1471 2700 1586 2732 ceteri,-

271 2735 309 2761 ih.
331 2734 360 2761 in
382 2739 478 2762 nostr.
499 2743 544 2767 ac,
571 2735 600 2762 in
621 2743 700 2762 corr.
722 2735 752 2762 in
774 2735 810 2762 ad
832 2735 862 2762 d.
988 2743 1032 2769 27.
1054 2733 1353 2770 deposuerantfgh,
1374 2734 1586 2769 deposuerunt

272 2769 375 2796 celeri.
459 2777 504 2804 29.
526 2769 725 2797 inimicantur
745 2771 826 2797 alias
845 2769 1032 2797 iniuriantur
1051 2770 1077 2797 h.
1161 2768 1206 2796 30.
1228 2773 1256 2795 et
1270 2776 1331 2803 pro
1353 2777 1387 2796 ac
1407 2769 1454 2802 bi;
1479 2774 1586 2804 poten-

271 2804 353 2831 tibus
367 2812 430 2839 pro
451 2804 559 2839 pontif.
582 2812 630 2841 cg.
702 2803 742 2832 31.
764 2813 853 2832 suum
874 2813 932 2832 om.
954 2804 1066 2835 ceteri:
1085 2804 1124 2831 ib.
1145 2811 1179 2830 ac
1193 2803 1246 2830 vit.
1261 2803 1368 2831 ceteri.
1441 2803 1484 2831 32.
1507 2805 1585 2831 blas-

273 2839 382 2872 pheme
397 2838 469 2871 σαῖς»,-
488 2839 525 2866 ih.
542 2839 664 2866 dilinire
679 2839 696 2865 Ιι
708 2849 718 2869 ,·
737 2839 774 2866 ih.
792 2839 872 2867 enim
888 2848 946 2866 om.
962 2839 1066 2867 ceteri.
1123 2837 1166 2866 33.
1183 2839 1317 2873 primum
1331 2843 1432 2866 tamen
1447 2839 1488 2866 al.
1503 2847 1540 2866 m.
1556 2839 1596 2866 Ιι.7

347 2921 396 2953 17.
423 2911 434 2942 l
460 2910 538 2942 Joh.
567 2920 596 2951 2,
628 2910 677 2942 18.
775 2921 828 2942 22.
862 2910 981 2942 Matth.
1015 2910 1062 2951 16,
1091 2912 1142 2944 23.
1243 2920 1294 2951 24.
1323 2911 1398 2944 Gal.
1427 2920 1456 2947 2,
1488 2921 1537 2942 tr.
