2002 3359
242 303 330 332 CAP.
351 293 404 351 η]
754 309 812 340 nn
840 309 1039 341 siMoNiA.

248 427 256 448 1
298 413 506 461 questione
547 427 555 449 1
603 427 689 462 cap.
731 414 1035 452 Ordinaciones.
1090 417 1190 451 Cum
1236 416 1341 452 enim
1388 429 1554 464 regnum

241 471 303 507 dei
346 480 502 508 tantum
548 473 649 508 valet
694 482 888 520 quantum
936 474 1067 519 habes,
1114 473 1228 520 absit,
1275 475 1381 522 quod
1426 474 1556 522 ipsum

240 539 373 577 posset
412 529 490 566 emi
530 544 601 578 pro
646 531 852 578 peccunia,
896 544 977 567 non
1010 540 1144 567 tamen
1177 544 1247 579 per
1279 545 1319 568 se
1352 533 1419 568 sed
1453 534 1557 569 bona

240 588 454 624 voluntate.
518 590 599 625 Nec
650 588 805 624 videtur
856 588 1007 637 aliquid
1058 589 1216 626 emibile
1269 603 1339 638 per
1383 603 1423 626 se
1467 603 1558 638 pec-

207 646 371 692 5cunia,
416 655 581 694 possunt
620 655 753 682 autem
793 646 916 694 aliqui
960 647 1097 683 illicite
1136 657 1218 684 tam
1258 660 1389 684 emere
1434 661 1554 696 quam

239 705 409 740 vendere
442 717 607 752 regnum
632 704 707 749 dei,
742 717 831 740 cum
851 704 1044 751 Christus,
1080 705 1147 753 qui
1181 715 1237 741 est
1270 719 1450 753 regnum,
1485 707 1557 742 fuit

239 762 421 798 venditus
445 775 467 798 a
488 762 672 799 Scarioth
696 771 733 798 et
755 772 911 810 emptus
935 776 957 799 a
980 763 1254 799 sacerdotibus
1274 764 1322 800 30
1346 765 1556 812 argenteis,

240 830 281 856 ut
320 829 429 868 patet
462 822 601 856 Matth.
639 822 712 865 263
757 820 841 868 ipse
881 830 1013 857 autem
1048 830 1104 857 est
1138 834 1304 869 regnum
1339 822 1415 868 dei,
1450 824 1557 871 quod

239 877 342 915 intra
364 891 432 914 vos
465 887 534 924 est,
569 887 611 915 ut
634 878 778 914 dicitur
801 880 893 916 Luc.
926 892 992 927 17:
1026 879 1116 916 ideo
1139 880 1307 927 videtur,
1342 882 1449 929 quod
1473 893 1557 928 reg-

186 951 224 973 10
239 949 335 972 num
369 936 431 972 dei
465 936 568 972 inter
599 936 687 973 illos
722 946 944 973 mercantes
967 938 1196 986 symoniace
1218 938 1291 974 fuit
1315 948 1495 987 emptum
1520 947 1557 975 et

239 994 457 1030 venditum.
491 997 572 1031 Nec
605 994 784 1041 dubium,
819 995 914 1044 quin
947 996 1123 1033 studiose
1157 1005 1193 1032 et
1216 997 1329 1033 valde
1354 996 1556 1033 meritorie

240 1062 370 1100 potest
394 1052 471 1088 emi
502 1054 550 1089 ab
584 1053 747 1089 homine
780 1063 817 1089 et
850 1054 966 1090 vendi
1001 1067 1022 1090 a
1056 1056 1143 1101 deo,
1178 1056 1246 1090 sed
1268 1068 1349 1091 non
1373 1055 1554 1095 civiliter:

239 1124 374 1158 ymmo
397 1110 565 1157 videtur,
590 1112 697 1159 quod
721 1111 789 1157 illi,
815 1111 882 1160 qui
907 1121 1043 1148 emunt
1066 1112 1203 1149 omnia
1230 1122 1396 1161 peccata
1425 1113 1557 1149 divitis

239 1168 277 1204 in
317 1169 446 1205 ianuis
484 1170 659 1205 vendunt
699 1169 925 1217 symoniace
965 1183 1130 1218 regnum
1171 1171 1246 1217 dei,
1287 1171 1388 1208 sicut
1427 1171 1557 1207 omnis

186 1232 221 1263 15
239 1227 432 1274 prescitus
466 1240 585 1275 agens
618 1228 821 1264 meritorie
851 1230 1070 1264 secundum
1094 1238 1319 1276 presentem
1344 1229 1555 1266 iusticiam.

239 1286 325 1321 Stat
358 1285 463 1321 enim
498 1285 702 1322 hominem
738 1287 908 1322 vendere
942 1297 978 1322 et
1011 1300 1142 1323 emere
1176 1287 1312 1324 illicite
1336 1289 1443 1336 quod
1478 1301 1557 1323 non

240 1344 376 1387 habet;
416 1356 552 1392 ymmo
590 1343 757 1390 videtur,
799 1345 907 1392 quod
947 1345 1076 1380 omnis
1120 1358 1290 1393 peccans
1336 1346 1558 1382 mortaliter

239 1401 334 1437 emit
367 1402 426 1437 ius
459 1403 509 1438 ad
542 1402 876 1450 dampnacionem
910 1403 969 1439 vel
992 1416 1137 1450 penam
1161 1412 1418 1451 perpetuam2
1449 1405 1556 1452 quod

240 1471 329 1495 cum
363 1459 413 1496 sit
444 1461 558 1496 valde
599 1460 818 1508 spirituale,
859 1470 969 1508 patet
1005 1463 1112 1509 quod
1145 1462 1258 1498 valde
1291 1462 1428 1498 illicite
1462 1462 1557 1498 emit

182 1532 224 1553 20
239 1517 347 1553 illud.
376 1520 429 1554 Ex
445 1531 525 1566 quo
549 1518 703 1554 videtur
727 1520 833 1566 quod
856 1519 986 1555 omnis
1009 1519 1262 1567 symoniacus
1287 1529 1343 1556 est
1360 1520 1557 1556 hereticus

239 1584 275 1611 et
291 1585 464 1612 econtra.
492 1576 532 1612 Si
548 1576 652 1612 enim
670 1577 761 1613 licet
776 1590 916 1624 rapere
934 1591 1098 1625 regnum
1116 1579 1306 1625 celorum,
1330 1578 1557 1615 evidencius

238 1642 368 1681 potest
392 1634 481 1682 quis
505 1634 649 1671 iniuste
673 1648 804 1671 emere
828 1636 887 1671 vel
910 1637 1079 1672 rendere
1103 1649 1269 1683 regnum
1295 1637 1484 1673 celorum.
1510 1639 1557 1672 Et

237 1693 475 1728 antecedens
491 1702 600 1740 patet
611 1694 751 1729 Matth.
771 1706 780 1729 1
801 1707 809 1728 1
829 1709 835 1729 :
861 1695 907 1730 <A
925 1703 1105 1742 tempore
1128 1695 1298 1742 baptiste
1314 1708 1478 1742 regnum
1496 1707 1558 1730 ce—

238 1750 366 1785 lorum
384 1750 460 1787 vim
478 1751 628 1798 patitur
650 1760 687 1787 et
702 1751 864 1788 violenti
886 1752 1045 1800 rapiunt
1069 1753 1193 1788 illud.'
1219 1755 1266 1789 Et
1282 1753 1321 1789 in
1337 1753 1412 1789 ista
1427 1766 1557 1801 symo-

183 1811 222 1844 25
238 1807 303 1844 nia
318 1809 502 1845 videntur
524 1821 606 1845 esse
624 1809 694 1855 illi,
712 1809 969 1858 qui-vendunt
992 1810 1129 1846 illicite
1148 1811 1422 1859 indulgencias
1438 1820 1474 1847 et
1490 1813 1557 1847 ab-

238 1866 462 1903 soluciones
478 1880 500 1903 a
515 1880 618 1915 pena
634 1876 670 1904 et
686 1869 804 1916 culpa
826 1881 915 1904 cum
938 1868 1026 1904 aliis
1048 1868 1323 1916 spiritualibus
1344 1869 1555 1917 suffragiis.

296 1926 481 1961 Secundo
503 1925 659 1962 videtur
692 1926 1008 1974 descripcionem
1044 1937 1272 1975 competere
1303 1928 1412 1963 omni
1447 1940 1556 1975 emp-

238 1983 343 2019 cioni
375 1984 435 2020 vel
466 1983 708 2030 vendicioni,
748 1984 843 2032 quia
875 1985 1005 2021 omnis
1045 1994 1227 2022 creatura
1261 1995 1317 2022 est
1350 1985 1557 2033 spirituale

238 2042 297 2077 vel
329 2041 527 2089 spirituali
560 2054 773 2089 annexum,
807 2052 844 2079 et
867 2052 1003 2079 tamen
1037 2056 1080 2079 ex
1114 2043 1190 2079 fide
1224 2043 1424 2080 credimus
1447 2045 1556 2092 quod

182 2105 223 2137 30
238 2099 422 2147 apostoli⁷
456 2100 524 2148 qui
548 2113 591 2136 ex
623 2110 813 2148 precepto
846 2101 998 2137 domini
1023 2101 1132 2137 cibos
1156 2111 1349 2145 emerant,
1382 2111 1425 2138 ut
1449 2110 1558 2149 patet

236 2159 322 2194 Joh.
347 2171 386 2204 4,
419 2171 498 2194 non
533 2171 576 2194 ex
609 2159 683 2195 hoc
717 2159 1008 2195 commiserunt
1037 2159 1273 2208 symoniam.
1310 2162 1409 2196 Nam
1436 2172 1557 2196 usura

237 2215 277 2252 in
317 2217 391 2252 deo
432 2226 489 2253 est
528 2216 651 2261 licita⁷
692 2218 759 2254 sed
797 2230 871 2253 nec
910 2217 1095 2264 creatori,
1141 2230 1212 2254 nec
1246 2228 1427 2254 creature
1466 2217 1558 2253 licet

237 2274 489 2311 committere
539 2275 777 2323 symoniam.
832 2277 924 2312 Ideo
976 2289 1066 2312 cum
1120 2277 1216 2312 deus
1268 2275 1558 2312 studiosissime

307 2417 331 2436 2.
361 2414 441 2444 patet
489 2418 524 2437 ro
551 2410 631 2437 valet
655 2410 684 2442 i,·
703 2410 740 2437 ib.
762 2410 909 2446 quoniam
937 2418 1020 2445 acg,·
1050 2411 1124 2446 quin
1146 2419 1180 2442 e:
1211 2412 1242 2438 in
1263 2414 1346 2439 textu
1373 2411 1455 2446 quod
1484 2419 1556 2441 non,

238 2444 278 2471 al.
299 2453 337 2471 m.
359 2445 433 2478 quin
455 2418 494 2477 (ξ’,-
514 2445 596 2480 quod
618 2446 722 2472 ceteri.
812 2444 837 2472 3.
860 2446 959 2480 possit
979 2446 1008 2477 ι”,·
1033 2446 1070 2473 ib.
1092 2446 1211 2481 precise
1231 2446 1260 2480 Ιι,
1282 2446 1396 2481 0m.f·,.·
1410 2456 1420 2478 ,·
1441 2446 1558 2481 precise

237 2479 280 2505 al.
300 2487 337 2505 m.
359 2479 388 2512 d,
410 2487 464 2514 per
484 2488 515 2506 se
536 2480 638 2507 ceteri.
711 2479 736 2507 5.
759 2485 888 2515 possunt
910 2485 1010 2507 autem
1032 2481 1087 2511 elz:
1107 2489 1192 2516 poss.
1213 2485 1314 2508 tamen
1337 2489 1361 2513 c,
1383 2481 1451 2508 licet
1472 2489 1557 2515 poss,

238 2513 342 2541 ceteri.
432 2523 461 2549 9.
483 2514 519 2541 Et
539 2515 608 2542 ideo
629 2515 733 2542 ceteri.
826 2523 866 2542 10.
888 2515 936 2542 dei
957 2523 1015 2542 om.
1036 2516 1137 2543 ceteri.
1229 2524 1262 2543 11.
1284 2515 1355 2542 Non
1373 2523 1433 2551 pro
1454 2523 1509 2542 nec
1528 2516 1558 2542 Ιι.

239 2555 273 2581 11,
290 2556 331 2575 r2.
347 2549 420 2583 quin
439 2566 462 2567 Π
486 2549 611 2577 homine
630 2550 672 2576 al.
687 2558 714 2576 m
740 2557 770 2576 a.
828 2558 868 2583 ¹4-
885 2550 942 2576 sibi
964 2558 1045 2577 corr.
1062 2558 1100 2578 ex
1114 2551 1293 2586 symoniace
1307 2550 1356 2581 dh,
1379 2550 1557 2586 symoniace

238 2584 341 2610 ceteri.
445 2584 482 2611 15,
504 2584 565 2618 agit
584 2584 613 2611 lz.
722 2592 762 2612 21.
783 2584 853 2612 licet
872 2592 930 2611 om.
951 2584 980 2615 d,
1001 2586 1042 2612 al.
1063 2593 1101 2612 m.
1122 2586 1150 2618 Ιι,
1172 2585 1306 2620 recipcre
1324 2593 1383 2620 pro
1405 2593 1512 2620 rapere
1532 2593 1556 2611 c.

238 2624 282 2644 22.
304 2617 483 2645 evidencius
498 2619 565 2646 licet
579 2619 692 2646 iniuste
707 2620 808 2654 abcg,·
827 2620 864 2646 ib.
886 2620 952 2646 evid
977 2636 1006 2638 —
1027 2621 1163 2647 celorum
1185 2628 1244 2646 om.
1265 2627 1289 2646 c.
1311 2620 1352 2646 al.
1374 2628 1414 2646 m.
1435 2619 1507 2646 add.
1530 2628 1555 2646 e.

238 2651 280 2686 25,
300 2652 348 2680 26.
368 2660 396 2679 et
416 2653 434 2679 Ιι
453 2654 572 2686 solunz‚·
591 2658 619 2681 et
639 2661 656 2680 a
676 2655 765 2689 culpa
780 2654 800 2681 i.
868 2655 914 2681 28.
936 2655 967 2681 in
987 2657 1072 2682 textu
1092 2655 1153 2686 illa,
1175 2655 1216 2682 al.
1237 2663 1274 2681 m.
1296 2659 1437 2681 creatura
1457 2655 1485 2684 d,
1507 2654 1556 2681 illa

233 2694 295 2721 pro
315 2692 454 2714 creatura
481 2689 584 2715 ceteri.
694 2696 741 2723 29.
763 2693 791 2716 et
810 2693 911 2716 tamen
932 2697 984 2721 ce;
1010 2694 1037 2716 et
1058 2698 1127 2716 cum
1148 2689 1222 2719 baffi,-
1248 2697 1318 2716 cum
1340 2689 1453 2720 ceteri:
1472 2689 1508 2716 ib.
1531 2693 1559 2715 et

236 2729 296 2755 pro
311 2723 393 2757 quod
407 2731 440 2761 g,
462 2727 490 2749 et
505 2724 535 2750 in
550 2725 645 2754 textu,
665 2724 706 2751 al.
721 2732 759 2750 m.
775 2724 857 2758 quod
874 2724 903 2757 d,
924 2724 1006 2759 quod
1028 2725 1129 2760 om.s‚·
1149 2724 1220 2758 quia
1241 2725 1260 2751 i.
1317 2722 1362 2750 30.
1379 2728 1515 2750 emerent
1529 2724 1556 2750 h.

239 2755 277 2783 31.
299 2762 524 2785 commiserunt
543 2766 606 2795 ag;
627 2759 849 2785 commiserant
869 2759 974 2786 ceteri.

314 2851 341 2872 1.
368 2840 473 2883 Corp.
492 2842 555 2873 iur.
581 2852 655 2873 can.
674 2842 698 2882 Ι,
722 2852 789 2883 402
818 2842 862 2883 (c.
886 2843 959 2881 113,
987 2842 1024 2874 C.
1044 2842 1066 2881 Ι,
1094 2852 1129 2883 q.
1153 2842 1195 2879 Ι).
1223 2841 1348 2873 Glossa
1373 2841 1498 2884 legitur
1524 2841 1557 2872 in

240 2887 391 2918 editione
411 2887 514 2929 Corp.
541 2889 604 2920 iur.
630 2886 727 2928 1506,
754 2888 776 2920 f.
808 2899 882 2930 117.
954 2888 986 2920 8.
1007 2888 1126 2920 Matth.
1147 2886 1199 2928 26,
1224 2898 1274 2930 14,
1298 2887 1348 2920 15.
1420 2898 1451 2931 9.
1474 2888 1556 2919 Luc.

244 2943 294 2976 17,
323 2943 375 2965 21.
450 2934 503 2967 23.
531 2934 796 2975 Matth.11‚12.
871 2935 923 2968 31.
950 2934 1025 2966 Joh.
1051 2945 1084 2976 4,
1110 2933 1142 2968 8.

1798 304 1839 338 15

1580 1935 1659 1963 This
1681 1936 1847 1964 definitior]

1608 1972 1633 1998 is
1654 1976 1704 1998 too
1725 1972 1815 1998 wide.
