2002 3359
231 313 316 340 car.
339 304 393 359 11.]
738 320 795 350 DE
824 320 1022 355 smonm.

229 431 265 458 et
298 421 380 458 sine
414 423 625 460 venalitate
659 438 886 470 consensus,
921 427 1145 474 proferatur
1178 443 1276 477 pura
1307 431 1465 477 eleccio,
1502 441 1542 468 ut

228 481 277 516 ad
310 493 509 516 summum
546 483 818 519 sacerdocium
852 497 931 520 non
964 486 1153 534 suffragio
1177 487 1428 525 venditorum
1452 503 1541 538 pro-

228 546 375 583 vectuS,
410 540 477 575 sed
511 540 571 576 dei
607 542 792 577 credatur
825 555 907 578 esse
934 542 1093 582 iudiciO.
1127 545 1166 580 Si
1191 554 1323 582 autem
1348 548 1540 595 peccunia

228 596 423 643 promissa
456 597 572 634 fuerit
605 599 664 634 vel
704 600 846 645 soluta,
892 601 1017 637 electo
1058 603 1117 638 vel
1160 603 1345 640 ordinato
1384 605 1540 653 penitus

195 654 449 702 ffignorante,
484 668 556 692 nec
590 669 636 692 eo
670 658 789 693 modo
817 659 865 694 ad
890 659 1131 695 eleccionem
1157 662 1215 697 vel
1238 662 1537 700 ordinacionem

228 713 461 759 pervenerit,
508 713 541 749 ei
582 715 806 751 nullatenus
839 717 976 752 obesse
1009 717 1165 754 videtur
1197 732 1268 756 nec
1302 722 1350 756 ad
1384 730 1536 758 reatum

227 770 403 806 criminis
437 771 620 818 pertinet,
655 772 766 808 cuius
800 774 1090 812 conscienciam
1125 789 1203 812 non
1239 779 1433 825 habuerit,
1467 793 1538 816 nec

226 829 273 864 ad
309 828 518 865 eleccionis
552 830 610 865 vel
642 831 912 868 ordinacionis
954 833 1222 870 cassacionem
1264 836 1449 883 pertinet,
1489 839 1535 874 ad

226 899 346 933 quam
381 886 478 923 alias
518 900 594 923 non
636 901 706 936 per
745 903 908 937 pravam
948 891 1106 927 illorum
1150 893 1410 940 cupiditatem
1452 908 1538 942 per-

171 956 208 977 ιι»
225 944 376 980 venisse
408 946 599 982 docetur-J
634 949 714 983 Nec
737 948 839 984 valet
863 948 1049 997 cuiquam
1074 950 1326 998 sophisticari
1350 965 1438 988 cum
1464 954 1538 990 deo

226 1002 352 1049 prime
385 1002 610 1039 ordinando
644 1005 703 1041 vel
726 1005 908 1043 ordinate
932 1008 1100 1044 volendo
1124 1009 1307 1045 effectum
1333 1011 1535 1059 consequi,

224 1060 318 1108 quia
351 1061 673 1109 dampnabiliter,
714 1063 788 1099 nisi
828 1066 1081 1102 emendando
1115 1076 1151 1102 et
1191 1067 1229 1103 in
1263 1069 1536 1116 complecione

223 1118 344 1154 officii
390 1118 671 1157 satisfaciendo
714 1123 942 1170 purgaverit
983 1125 1089 1172 quod
1129 1125 1237 1172 prius
1282 1136 1535 1174 peccaverat3

223 1189 361 1212 omnes
394 1177 499 1213 enim
534 1190 670 1214 sumus
704 1179 742 1215 in
776 1180 1062 1228 inpetracione,
1096 1182 1135 1218 in
1168 1184 1406 1232 accepcione
1430 1194 1466 1221 et
1497 1185 1535 1222 in

168 1234 458 1272 15execucione
512 1236 692 1273 beneficii
746 1238 1002 1275 ecclesiastici
1057 1241 1260 1287 maculati,
1314 1242 1404 1279 ideo
1456 1257 1536 1279 non

223 1301 388 1329 restaret
433 1293 507 1329 nisi
552 1295 796 1342 desperacio,
846 1297 876 1332 si
910 1310 989 1333 non
1030 1299 1226 1346 posterius
1271 1310 1463 1348 sequatur
1496 1301 1535 1337 in

222 1351 470 1398 perfeccione
504 1352 630 1388 curati
663 1353 784 1390 officii
818 1355 989 1392 contrita
1023 1357 1227 1404 purgacio.

280 1409 355 1445 Sed
390 1409 452 1446 hic
476 1410 694 1457 dubitatur,
735 1412 766 1448 si
800 1413 1058 1451 beneficiatus
1092 1415 1319 1462 symoniace
1353 1424 1628 1452 teneaturuow
1651 1425 1695 1452 1211·
1716 1434 1729 1451 a
1753 1435 1821 1453 man

221 1468 325 1504 bona
357 1480 577 1516 pauperum
613 1469 820 1507 restituere
849 1480 886 1508 et
919 1472 1154 1508 beneficium
1189 1473 1285 1509 illud
1320 1473 1533 1511 dimittere.

164 1537 205 1559 90
223 1527 269 1561 Et
312 1525 468 1562 videtur
512 1528 618 1575 quod
664 1527 732 1574 sic,
785 1529 880 1577 quia
926 1530 1016 1566 talis
1060 1530 1205 1567 iniuste
1258 1533 1386 1568 aufert
1431 1534 1535 1569 bona

221 1596 443 1631 pauperum
497 1593 536 1621 et
601 1587 821 1622 secundum
887 1588 1130 1636 principium
1183 1590 1395 1637 Augustini
1454 1604 1533 1627 non

220 1641 435 1678 dimittitur
472 1652 693 1690 peccatum,
738 1644 813 1680 nisi
847 1645 1080 1682 restituatur
1112 1647 1304 1695 ablatum,
1355 1658 1396 1685 ut
1435 1649 1533 1685 alias

218 1699 358 1736 diffuse
398 1700 558 1748 exposui
598 1710 635 1738 et
667 1702 821 1739 vallavi.
877 1703 951 1740 Hic
989 1717 1069 1740 non
1109 1714 1165 1741 est
1210 1706 1390 1753 dubium,
1436 1707 1532 1755 quin

216 1766 375 1805 oportet
426 1772 585 1795 omnem
640 1760 916 1808 symoniacum
962 1763 1009 1798 de
1056 1763 1242 1800 omnibus
1287 1773 1324 1801 et
1367 1764 1532 1813 singulis

159 1818 198 1850 25>
216 1815 328 1852 bonis
381 1816 545 1853 ecclesie
597 1831 672 1865 que
720 1819 870 1867 recepit
920 1820 1148 1857 satisfacere
1200 1823 1259 1859 vel
1306 1823 1529 1871 dampnari.

216 1876 263 1910 Et
321 1883 415 1910 tunc
472 1875 629 1912 videtur
687 1876 821 1923 michi,
881 1880 988 1926 quod
1048 1892 1254 1928 nunquam
1314 1881 1531 1918 satisfaciet

214 1931 306 1968 licet
357 1931 452 1969 satis
504 1933 685 1981 pacietur
738 1944 918 1983 tempore
970 1946 1163 1985 perpetuo
1216 1947 1254 1975 et
1305 1952 1386 1974 non
1439 1948 1529 1976 ante

218 1989 301 2026 eius
349 1990 468 2027 finem
523 1992 733 2040 complete.
797 1994 845 2030 Et
889 1994 944 2030 sic
988 2004 1148 2043 oportet
1193 1997 1240 2032 de
1284 1996 1393 2033 omni
1439 2010 1529 2045 rege

215 2048 275 2084 vel
320 2048 484 2085 domino
529 2050 754 2098 temporali,
806 2064 887 2088 non
930 2061 1088 2100 oportet
1133 2062 1268 2090 tamen
1311 2056 1418 2102 quod
1464 2056 1529 2091 det

156 2107 198 2140 30
216 2114 344 2142 totum
378 2108 545 2143 abusum
592 2108 735 2145 clerico
779 2110 839 2145 vel
883 2110 1048 2158 pauperi
1094 2111 1156 2147 cui
1201 2112 1412 2149 iniuriatus
1457 2122 1526 2159 est,

213 2165 281 2200 sed
313 2164 407 2201 satis
440 2173 496 2201 est
529 2166 636 2214 quod
670 2175 900 2204 conteratur
933 2169 980 2204 de
1014 2169 1194 2206 comissis
1228 2179 1264 2206 et
1293 2170 1459 2207 vivendo
1483 2184 1524 2207 ex

212 2230 302 2270 post
344 2222 518 2260 virtuose
562 2224 780 2261 satisfaciat
824 2226 988 2263 domino
1033 2227 1206 2275 capitali.
1262 2230 1347 2276 Ipse
1391 2238 1523 2265 autem

212 2293 292 2316 non
331 2281 461 2328 querit
499 2294 520 2318 a
559 2282 672 2318 nobis
716 2285 955 2331 temporalia
998 2285 1072 2321 nisi
1117 2287 1225 2333 quod
1269 2287 1525 2324 restituamus

211 2337 290 2374 suis
324 2339 564 2387 pauperibus
598 2353 674 2388 que
706 2340 783 2377 illis
815 2351 906 2379 sunt
938 2343 1072 2380 debita
1104 2352 1141 2380 et
1173 2352 1335 2381 utamur
1366 2345 1525 2382 residuo

279 2468 305 2495 2,
326 2459 352 2488 3.
372 2461 403 2489 in
423 2464 507 2489 textu
527 2467 706 2497 proventus,
727 2463 769 2491 al.
789 2472 826 2491 m.
850 2469 1013 2499 provectus
1034 2466 1089 2498 cd;
1135 2470 1276 2493 rovectus
1295 2467 1335 2498 Ιι,·
1355 2472 1524 2502 proventus

210 2497 322 2528 ceteri;
347 2495 395 2523 dei
421 2504 501 2526 corr.
526 2506 561 2524 ex
582 2497 617 2524 ed
637 2505 674 2530 a‚·
703 2498 755 2525 sed
777 2499 802 2525 ei
821 2498 877 2535 fg.
969 2508 997 2533 4.
1020 2500 1065 2527 vel
1085 2508 1125 2528 a.
1147 2509 1184 2527 m.
1205 2509 1235 2528 a.
1320 2501 1344 2529 5.
1366 2510 1421 2529 nec
1439 2503 1469 2537 d,
1491 2508 1523 2530 ut

210 2530 314 2558 ceteri.
404 2530 431 2558 8.
458 2532 667 2560 cessacionem
687 2532 716 2564 h,
742 2533 773 2560 in
792 2535 876 2561 texlu
896 2542 973 2561 cess.
994 2535 1034 2562 al.
1055 2543 1092 2562 m.
1114 2535 1325 2564 cassacionem
1346 2537 1384 2570 d,·
1409 2537 1522 2564 cessio-

210 2572 278 2592 nem
299 2565 401 2593 ceteri.
475 2573 503 2601 9.
530 2574 591 2594 non
611 2567 650 2594 al.
666 2575 703 2594 m.
723 2575 763 2600 a,·
788 2568 825 2596 ih.
849 2568 1000 2604 privatam
1018 2577 1078 2604 pro
1100 2578 1227 2605 pravam
1249 2570 1314 2598 deh.
1398 2580 1438 2599 10.
1460 2572 1522 2600 cui-

209 2607 302 2634 quam
322 2608 380 2627 om.
402 2601 516 2633 ceteri,·
534 2601 572 2628 ib.
619 2601 697 2629 rimo
717 2603 820 2630 ceteri.
896 2612 930 2631 11.
951 2603 1149 2632 inordinante
1170 2606 1198 2637 i,·
1219 2605 1396 2633 inordinate
1416 2608 1520 2635 ceteri.

210 2642 244 2667 11,
266 2641 303 2661 12.
326 2635 371 2662 vel
386 2651 417 2654 —
431 2610 625 2664 emendanti}
646 2637 749 2672 oms,
770 2638 917 2672 consequi
939 2639 1010 2673 quia
1030 2638 1270 2674 dampnabiliter
1290 2640 1348 2668 nisi
1368 2641 1386 2667 Ιι
1406 2642 1503 2668 solum
1514 2652 1524 2674 ‚-

209 2668 230 2695 εἰ
247 2669 288 2696 al.
306 2677 344 2696 m.
363 2668 434 2696 add.
535 2678 573 2704 17.
593 2676 725 2710 purgata
745 2672 895 2700 contricio
915 2673 942 2699 b.
1039 2681 1095 2708 19-
1109 2681 1148 2702 21.
1169 2679 1198 2702 et
1218 2690 1250 2694 —-
1271 2676 1469 2710 proverbium
1490 2676 1521 2704 in

209 2711 311 2737 marg.
332 2712 362 2731 a.
440 2711 478 2732 21.
501 2706 689 2740 principium
711 2706 807 2741 qulu
827 2707 1026 2742 proverbium
1047 2709 1151 2736 ceteri.
1230 2707 1273 2736 23.
1296 2710 1443 2745 quoniam
1460 2718 1521 2746 pro

209 2738 281 2772 quin
311 2738 422 2773 abcdg.
542 2739 583 2767 25.
614 2740 785 2776 perceperit
812 2750 852 2773 a:
880 2743 995 2777 ceperit
1023 2743 1136 2776 ανον-ι’,-
1164 2743 1202 2770 ib.
1234 2743 1404 2779 dampnare
1433 2745 1519 2781 befg.

209 2772 255 2799 26.
277 2773 366 2800 faciet
386 2781 468 2801 corr.
488 2781 527 2801 ex
551 2774 643 2802 faciat
667 2783 706 2807 a;
732 2775 823 2803 faciat
843 2777 928 2812 bceg,
955 2777 1067 2804 facient
1086 2776 1115 2804 d.
1199 2785 1243 2813 27.
1273 2779 1412 2813 pacietur
1437 2788 1519 2807 corr.

208 2815 246 2834 ex
267 2807 405 2842 paciatur
424 2815 453 2841 a,
474 2809 612 2842 paciatur
631 2817 673 2844 g,·
694 2809 733 2837 ib.
753 2810 784 2837 in
798 2815 938 2846 tempore
957 2812 1072 2844 ceteri‚·
1091 2812 1131 2839 ib.
1152 2820 1213 2839 non
1234 2813 1253 2840 Ιι
1272 2813 1370 2841 solum
1389 2814 1519 2841 exhibet.

208 2841 253 2868 28.
275 2846 361 2912 pazt}¹
374 2850 434 2877 pro
454 2851 527 2877 opp.
547 2842 577 2877 d,
597 2848 727 2879 apparet
745 2844 772 2872 h.
837 2853 885 2880 29.
904 2854 964 2881 pro
985 2850 1104 2874 tamen:
1125 2851 1227 2874 autem
1248 2849 1353 2876 ceteri.
1415 2847 1460 2876 30.
1482 2849 1518 2876 ad

209 2884 299 2904 usum
360 2898 366 2904 .

279 2938 402 2971 3—10.
428 2938 463 2969 Si
490 2944 606 2970 autern
631 2958 673 2962 —
701 2939 843 2971 docetur
871 2940 1042 2973 Gratiani
1068 2942 1174 2974 verba
1200 2947 1292 2975 sunt.

1586 1459 1610 1485 is
1633 1460 1734 1487 bound
1759 1465 1788 1488 t‹›

1607 1494 1674 1529 give
1696 1504 1735 1530 up
1756 1505 1771 1522 a

1622 1530 1754 1557 benefice

1613 1564 1756 1592 obtained

1574 1599 1797 1636 simoniacally.
