2002 3359
188 261 258 293 104
902 257 1124 289 ,IOHANNIS
1150 257 1333 288 wvcrir
1575 245 1680 303 [CAP.
1701 257 1781 284 vni.

468 366 635 411 pellere:
689 376 769 399 non
805 363 909 398 enim
945 372 1180 411 opporteret
1214 365 1260 399 ad
1297 365 1371 400 hoc
1408 377 1551 412 parare
1583 366 1777 413 populum

468 424 659 469 grandem
716 422 948 457 thesaurum
1009 430 1045 457 et
1098 422 1327 458 inmensum
1376 423 1436 458 vel
1476 436 1589 459 arma
1641 423 1781 460 bellica

177 487 267 521 Papa]
290 487 452 514 collectors
468 489 717 528 sumptuosa,
752 480 819 514 sed
854 479 1068 526 prohibere
1102 482 1161 516 vel
1194 494 1274 516 non
1307 480 1520 517 licenciare
1553 490 1595 517 ut
1635 480 1688 516 hii
1722 483 1781 518 vel

195 522 435 584 shffii'lequgkg‘be
468 540 703 574 collectores
747 537 891 585 perfidi
937 548 1074 574 exeant
1120 540 1178 575 vel
1224 538 1416 574 incollant
1462 547 1609 575 terram
1653 552 1782 575 suam.

468 597 698 641 Quomodo,
734 595 914 643 inquam,
941 598 1241 644 respondebunt
1265 596 1465 644 principes
1490 597 1529 632 in
1554 597 1617 633 die
1647 596 1816 633 iudicii5

467 668 538 701 pro
573 654 753 694 ecclesia,
789 667 908 701 quam
945 668 966 690 a
1001 655 1161 691 Christo
1207 656 1396 690 tuendam
1433 664 1469 690 et
1502 654 1729 702 specialiter
1762 668 1783 691 a

466 713 697 759 symoniaca
722 711 850 747 heresi
875 722 1131 760 acceperunt,
1152 714 1312 761 quando
1337 721 1417 748 tam
1443 712 1613 749 faciliter
1640 721 1676 748 et
1700 722 1780 749 tam

466 770 537 805 sibi
605 770 753 806 utiliter
821 779 980 817 possent
1044 783 1237 806 venenum
1304 771 1400 805 illud
1453 772 1676 815 excludere,
1748 780 1783 807 et

467 838 601 864 tamen
637 841 709 875 pro
746 841 886 863 amore
911 828 1085 876 dyaboli,
1118 829 1210 876 quia
1234 842 1307 876 pro
1343 829 1443 864 fastu
1467 829 1604 875 seculi,
1640 841 1783 865 consu-

470 896 582 922 munt
622 885 789 922 omnino
835 887 1034 922 contrarie
1068 899 1108 922 se
1143 896 1177 922 et
1212 887 1323 923 suos!
1376 886 1617 935 Quicunque
1650 896 1782 923 autem
1804 900 1842 920 10

467 944 683 981 consiliarii
726 943 951 991 principum
986 945 1046 980 vel
1080 945 1378 981 contrariantur
1412 946 1469 981 vel
1504 954 1637 981 tacent
1678 946 1785 993 prin—

467 1003 621 1050 cipibus
667 1002 783 1038 istam
832 1003 1077 1038 sentenciam
1127 1003 1295 1039 necandi
1331 1012 1367 1039 et
1401 1004 1659 1054 percellendi,
1694 1013 1784 1040 sunt

466 1071 673 1109 tamquam
709 1060 855 1095 summi
891 1060 1068 1101 heretici,
1105 1060 1199 1108 quia
1225 1060 1458 1096 calidissimi
1492 1062 1713 1109 symoniaci
1748 1071 1784 1098 et

465 1118 712 1154 subtilissimi
757 1118 941 1166 discipuli
987 1118 1227 1154 antichristi.
1282 1120 1520 1166 Speculator
1559 1129 1690 1156 autem
1726 1133 1784 1156 se-

466 1179 640 1212 cundum
676 1176 900 1212 doctrinam
937 1177 998 1212 dei
1034 1166 1176 1213 Ezech.
1214 1177 1277 1222 34.
1313 1178 1430 1213 debet
1463 1177 1639 1214 animam
1668 1191 1780 1214 suam
1804 1183 1839 1214 15

466 1244 501 1271 et
547 1234 682 1282 populi
719 1247 739 1270 a
773 1234 952 1281 periculo
1008 1235 1190 1279 liberare,
1245 1235 1504 1271 considerans
1552 1237 1657 1283 quod
1703 1249 1782 1272 non

466 1293 668 1329 modicum
714 1293 782 1328 sed
816 1293 1075 1339 grandiosum
1110 1303 1166 1330 est
1201 1293 1421 1340 periculum
1457 1294 1517 1329 vel
1550 1294 1782 1341 persecucio

466 1351 556 1386 inde
589 1363 766 1397 surgens.
817 1350 881 1386 Sic
915 1351 1050 1399 itaque
1096 1351 1263 1388 ecclesia
1309 1353 1378 1387 sed
1424 1351 1651 1398 specialiter
1695 1365 1781 1400 spe-

465 1411 664 1445 culatores
712 1409 857 1444 debent
909 1410 1008 1445 tales
1053 1410 1306 1457 symoniacos
1358 1409 1556 1446 hereticos
1613 1412 1691 1447 alte
1744 1419 1781 1446 et

465 1466 653 1503 continue
686 1467 927 1512 declamare,
952 1470 1144 1504 vertendo
1169 1468 1391 1516 periculosa
1424 1468 1526 1504 bella
1560 1468 1781 1504 mundialia
1798 1483 1838 1504 20

465 1526 503 1560 in
549 1525 643 1561 illud
698 1524 895 1571 oflicium3
942 1534 978 1561 et
1031 1526 1260 1574 quicunque
1313 1526 1530 1572 confessor,
1576 1527 1781 1563 consultor

464 1584 523 1619 vel
557 1585 796 1631 depravator
821 1583 926 1620 dicat
951 1584 1211 1627 contrarium,
1237 1593 1374 1621 caveat
1397 1583 1470 1619 sibi
1496 1586 1543 1619 de
1576 1584 1779 1620 sentencia

465 1641 617 1677 domini
666 1654 708 1676 ex
757 1641 988 1677 testimonio
1035 1642 1254 1678 Ezechielis
1287 1642 1464 1678 animam
1501 1642 1698 1689 perditam
1732 1644 1779 1678 de

467 1713 587 1735 manu
621 1699 789 1735 tacentis
834 1700 1027 1747 prepositi
1074 1700 1326 1748 requirentis.
1380 1702 1460 1735 Nec
1493 1699 1649 1736 videtur
1672 1702 1778 1748 quod

187 1766 362 1793 Simoniacs
383 1774 433 1792 are
465 1759 563 1793 tales
597 1757 777 1792 blasfemi
823 1757 1043 1804 symoniaci
1089 1767 1179 1794 sunt
1225 1758 1344 1793 hodie
1377 1767 1419 1793 ut
1452 1757 1489 1792 in
1538 1758 1623 1806 lege
1655 1759 1835 1796 veteri25

199 1802 434 1862 nottotcgieffihput
466 1815 706 1863 generaliter
739 1815 963 1861 occidendi,
998 1817 1065 1852 sed
1099 1817 1318 1852 secundum
1354 1815 1578 1852 doctrinam
1605 1816 1778 1864 apostoli

467 1875 515 1909 ad
539 1873 674 1909 Titum
703 1873 736 1907 3.
769 1886 790 1909 a
815 1873 993 1920 quolibet
1019 1874 1257 1910 Christicola
1280 1872 1467 1921 fugiendi.
1498 1875 1555 1909 Ad
1579 1874 1715 1910 Titum
1743 1875 1778 1910 3.

466 1931 706 1979 precipitur:
743 1931 987 1967 ‘Hereticum
1034 1932 1239 1968 hominem
1285 1941 1375 1979 post
1420 1931 1592 1979 primam
1640 1941 1676 1968 et
1721 1945 1778 1967 se-

465 1991 637 2025 cundam
673 1989 976 2037 correpcionem
1018 1990 1176 2036 devita,'
1221 2002 1315 2025 nam
1349 1989 1415 2025 ubi
1462 1990 1644 2026 Christus
1689 2004 1778 2037 pre-

465 2047 561 2094 cipit
594 2048 735 2083 Matth.
771 2048 815 2083 18
850 2057 1083 2095 peccantem
1120 2047 1158 2083 in
1191 2060 1264 2084 nos
1296 2057 1409 2084 terna
1442 2047 1528 2085 vice
1561 2048 1776 2096 corripere,
1794 2054 1835 2085 30

465 2106 671 2153 apostolus
705 2118 797 2141 suus
831 2106 1001 2153 precipit
1046 2107 1186 2141 eodem
1233 2106 1377 2154 spiritu
1430 2106 1664 2152 hereticum,
1710 2105 1777 2153 qui

536 2248 555 2266 1.
578 2247 683 2274 parcre
703 2239 744 2266 hi.
824 2238 848 2266 23.
871 2248 930 2266 non
952 2240 993 2266 al.
1015 2248 1052 2266 m.
1074 2247 1105 2273 a,
1127 2248 1184 2266 om.
1205 2248 1239 2275 g.
1320 2239 1344 2272 3,
1363 2249 1392 2273 4.
1415 2244 1446 2267 nt
1467 2241 1510 2266 rel
1533 2240 1579 2266 sui
1601 2240 1670 2267 coll.
1689 2248 1777 2276 aceg,

465 2275 509 2301 sui
532 2282 614 2301 corr.
636 2275 665 2300 in
688 2274 766 2300 servi
788 2274 817 2306 d,
839 2275 883 2300 vel
907 2278 937 2301 ut
952 2282 976 2300 s.
992 2275 1060 2301 coll.
1082 2275 1102 2307 i,
1124 2280 1155 2301 nt
1176 2273 1253 2301 servi
1269 2275 1313 2301 vel
1330 2275 1398 2301 coil.
1415 2273 1456 2310 lys.
1529 2283 1555 2310 7.
1577 2275 1731 2309 accipiunt
1747 2283 1776 2305 α,

464 2311 494 2336 in
515 2312 598 2336 textu
625 2317 739 2343 accep.⁷
765 2309 806 2335 al.
828 2317 866 2335 771.
888 2317 1009 2344 suscep.
1031 2310 1065 2341 [η
1100 2310 1138 2336 ib.
1165 2310 1239 2344 quin
1261 2314 1322 2336 tam
1344 2309 1382 2336 bi.
1473 2308 1499 2336 8.
1523 2309 1636 2336 utiliter
1655 2309 1775 2346 abcdejf,

464 2344 611 2370 inutiliter
631 2343 734 2370 ceteri.
827 2352 866 2370 10.
890 2343 950 2378 Qui
973 2348 1089 2371 tantum
1111 2344 1153 2379 lyf.
1236 2351 1275 2371 12.
1296 2344 1425 2371 vacandi
1444 2351 1474 2374 (1,
1496 2343 1622 2371 notandi
1643 2344 1707 2375 cde,
1727 2353 1776 2371 ro-

464 2377 587 2412 candif.
663 2386 702 2411 ¹1-
720 2378 896 2412 speculatur
911 2386 952 2405 ce.
1022 2379 1235 2413 1.1⁷,15.itaque
1251 2379 1377 2405 secund.
1393 2379 1498 2405 ceteri„
1567 2378 1603 2406 15.
1616 2378 1727 2405 Ezecli.
1740 2379 1776 2412 34

463 2414 597 2448 capitulo
619 2413 706 2439 debet
725 2413 743 2439 Ιι
864 2413 904 2439 16.
933 2420 992 2439 non
1021 2421 1078 2439 om.
1100 2421 1142 2440 ce.
1253 2421 1290 2448 ¹7·
1312 2413 1495 2447 gaudiosum
1522 2412 1618 2448 bcqfh,
1645 2420 1724 2440 corr.
1746 2414 1776 2440 in

463 2447 662 2482 grandin-sum
685 2455 723 2479 a;
743 2447 781 2474 ib.
803 2451 827 2474 cl
851 2456 929 2482 pers.
952 2448 1056 2474 ceteri.
1131 2448 1169 2475 18.
1192 2448 1261 2475 inde
1277 2448 1492 2482 insin-genss:
1511 2455 1701 2481 consurgens
1722 2449 1777 2484 gi,-

463 2483 500 2508 ila.
523 2483 623 2517 itaque
644 2482 738 2508 eciam
762 2482 800 2508 [η’.
875 2490 916 2512 ln.
940 2482 1117 2518 symoniace
1137 2481 1195 2518 liejs.
1270 2491 1311 2516 10,
1327 2490 1372 2508 ρο.
1395 2483 1452 2509 alte
1467 2486 1492 2508 et
1509 2483 1654 2509 continue
1674 2482 1775 2520 cdefh,

463 2518 520 2543 alte
540 2521 567 2543 et
589 2517 716 2543 confuse
737 2517 762 2548 h,
796 2517 854 2543 alte
874 2522 901 2544 et
922 2518 1003 2543 cons.
1026 2517 1069 2543 vel
1092 2525 1226 2551 congrue
1252 2518 1296 2552 gi,
1329 2518 1386 2544 alte
1413 2522 1439 2543 ct
1468 2518 1613 2544 continue
1641 2525 1723 2544 corr.
1745 2519 1775 2544 in

464 2551 545 2578 conr.
569 2552 611 2577 vel
634 2559 768 2585 congrue
788 2559 818 2578 a.
908 2559 954 2578 20.
984 2551 1136 2578 declarare
1163 2552 1210 2582 ab.
1238 2552 1366 2578 declam.
1395 2559 1477 2578 corr.
1504 2553 1535 2578 in
1563 2552 1717 2579 declinare
1735 2561 1777 2588 g.-

462 2587 499 2612 rb.
523 2586 689 2612 mundialia
711 2586 749 2615 lt:
778 2586 950 2613 iniurdiana
977 2585 1018 2621 lys,
1048 2586 1076 2613 in
1101 2587 1251 2613 nndancia
1273 2594 1297 2617 c,
1327 2587 1512 2613 inundacius
1538 2594 1564 2619 e,
1595 2587 1775 2614 invadencia

463 2621 566 2647 celeri.
651 2628 693 2646 2⁹.
716 2621 760 2647 vel
783 2621 969 2655 dampnalor
988 2621 1029 2656 bf.
1052 2628 1134 2647 corr.
1155 2621 1185 2647 in
1207 2621 1331 2656 deprar.
1354 2621 1391 2650 d,-
1411 2621 1447 2647 ilw.
1471 2621 1543 2647 dicit
1564 2621 1659 2655 lugi,-
1678 2621 1716 2647 ih.
1737 2621 1774 2648 de

464 2655 593 2681 sciencia
614 2655 690 2690 lchl'.
777 2663 822 2688 24.
845 2655 973 2682 tacentis
993 2655 1056 2684 cell.
1077 2663 1158 2682 corr.
1180 2663 1217 2682 ex
1237 2656 1367 2682 tenentis
1388 2656 1416 2682 α’.
1510 2656 1551 2682 25.
1574 2661 1603 2682 ut
1625 2656 1666 2682 al.
1686 2664 1723 2684 m.
1744 2656 1772 2682 h.

462 2697 506 2724 27.
528 2690 564 2716 ad
586 2689 647 2716 Tit.
670 2689 684 2716 3
702 2690 835 2725 primum
855 2691 881 2722 Ιι,
903 2691 944 2717 al.
965 2698 1003 2717 m.
1023 2691 1054 2724 d,
1075 2698 1132 2716 om.
1154 2691 1267 2721 celer1'‚·
1286 2691 1324 2717 ib.
1346 2695 1416 2717 sunt
1437 2690 1500 2723 fug.
1522 2688 1566 2725 ds.
1641 2689 1684 2717 28.
1708 2698 1774 2724 pre-

463 2726 542 2758 cepit
561 2732 580 2750 α
695 2733 740 2759 2⁴)-
762 2724 991 2751 corrcccioncm
1013 2725 1041 2751 Ιι.
1137 2732 1183 2759 29,
1205 2724 1249 2751 [30.
1272 2725 1406 2759 precepit
1426 2724 1490 2761 ahs.
1593 2723 1634 2752 31.
1659 2724 1772 2759 precip.

461 2760 505 2785 al.
526 2767 564 2785 m.
585 2759 634 2790 ad,
654 2767 712 2786 om.
733 2758 782 2795 qs:
801 2760 838 2785 ili.
860 2759 917 2786 eod
953 2759 1027 2794 spir.
1050 2759 1165 2792 precip.
1187 2760 1294 2786 celeri.

537 2831 585 2862 15.
613 2830 738 2862 Ezech.
766 2831 819 2871 34,
850 2832 994 2863 10—13.
1092 2832 1145 2864 23.
1172 2831 1257 2862 Ibid.
1283 2842 1315 2862 v.
1347 2842 1396 2862 11.
1494 2841 1546 2872 27.
1573 2830 1641 2861 Tit.
1662 2831 1692 2870 3,
1724 2840 1773 2862 10.

464 2878 516 2909 30.
543 2876 661 2908 Matth.
693 2876 742 2915 18,
774 2878 823 2910 15.
