2002 3359
173 927 211 947 10

176 1205 211 1237 15

174 1507 216 1528 20

178 1789 217 1820 25

181 2079 224 2113 30

184 2369 224 2403 35

221 276 310 305 CAP.
330 262 413 322 vir]
729 274 788 307 DE
816 273 1015 307 SIMONIA.

282 387 392 422 Patet
433 392 566 420 autem
600 383 639 419 in
672 382 757 419 istis
790 382 901 430 lepra
935 380 1084 418 heresis
1118 379 1360 427 symoniace.
1396 377 1531 414 Primo

223 457 265 480 ex
300 444 375 479 hoc
409 443 516 491 quod
557 449 764 478 comutant
805 450 841 477 et
881 441 1053 476 vendant
1086 447 1233 475 statum
1269 436 1532 486 perfeccionis

221 502 300 539 vite
334 499 648 549 exproprietarie
681 512 755 548 pro
795 507 938 547 questu
984 496 1144 533 modico
1183 495 1417 544 temporali3
1466 495 1534 530 sed

223 561 299 597 hoc
344 568 400 596 est
445 571 627 607 expresse
661 558 770 606 lepra
804 556 1054 604 symoniaca:
1101 568 1194 603 ergo
1234 554 1273 590 in
1312 554 1387 590 hoc
1427 553 1535 601 quod

224 617 412 655 ecclesias
455 617 515 653 vel
561 615 754 665 quicquid
800 614 908 651 aliud
953 614 1176 662 temporale
1220 620 1417 661 perpetuo
1462 610 1535 647 sibi

224 676 503 725 appropriant,
549 675 696 711 cadunt
742 673 781 708 in
821 672 991 709 heresim
1033 671 1321 719 supradictam.
1378 671 1425 705 Et
1465 670 1537 705 hec

225 744 282 771 est
329 733 437 770 racio
482 745 604 781 quare
648 730 819 779 apostoli
863 739 899 766 et
945 729 1011 767 alii
1053 727 1356 778 exproprietarii
1401 728 1538 763 nolue-

226 802 318 830 runt
370 791 622 828 dulcedinem
676 789 896 838 primevam
946 789 1140 824 deserere.
1194 787 1381 823 Secundo
1429 793 1539 833 patet

227 852 331 888 idem
372 863 415 886 ex
454 848 603 897 triplici
643 848 773 884 forma
812 846 1079 895 suggestionis
1113 845 1338 891 mendaci53
1385 843 1539 891 fingunt

227 918 359 946 autem
394 920 498 956 pape
536 916 573 943 et
612 905 699 943 aliis
739 905 920 954 personis
962 904 1101 941 mediis
1139 912 1293 940 tantam
1333 901 1538 950 egenciam

227 968 335 1016 quod
389 979 479 1003 cum
535 963 790 1013 possessione
842 962 967 1012 priori
1020 975 1101 999 non
1154 961 1358 998 sufficiunt
1410 960 1540 997 vivere

227 1039 299 1062 nec
339 1024 504 1061 sufferre
543 1036 645 1060 onus
685 1022 867 1059 ecclesie.
914 1023 1001 1058 Hoc
1040 1030 1173 1058 autem
1214 1029 1272 1056 est
1311 1028 1392 1056 tam
1433 1030 1542 1055 vere-

228 1085 403 1121 cundum
445 1081 715 1127 mendacium,
756 1081 864 1128 quod
904 1080 1104 1116 calculato
1144 1091 1314 1114 numero
1353 1089 1543 1125 persona-

228 1155 314 1179 rum
365 1151 401 1178 et
449 1139 671 1177 distributis
719 1138 941 1175 redditibus
990 1151 1061 1186 per
1113 1136 1326 1185 porciones
1381 1135 1543 1183 equales

228 1200 395 1250 quilibet
428 1211 567 1235 eorum
600 1197 800 1234 sufficeret
834 1198 1055 1244 expendere
1088 1195 1197 1231 mille
1231 1206 1401 1240 marcas,
1436 1202 1472 1229 et
1496 1194 1543 1228 de

229 1261 345 1307 longe
380 1257 525 1294 minori
559 1255 752 1304 porcione
784 1254 961 1292 vixerant
996 1254 1177 1291 Christus
1217 1262 1254 1289 et
1293 1251 1467 1301 apostoli
1506 1259 1543 1287 et

230 1326 364 1366 patres
410 1315 562 1352 ordinis
609 1314 668 1350 sui
715 1313 753 1349 in
801 1313 990 1361 primevis
1038 1311 1303 1360 temporibus.
1357 1310 1542 1346 Secundo

230 1383 446 1424 suggerunt
479 1374 586 1422 quod
621 1385 699 1408 non
733 1384 776 1408 ex
808 1371 874 1407 illa
907 1370 1247 1419 appropriacione
1280 1368 1544 1417 dampnifica-

231 1443 340 1470 retur
372 1434 439 1470 sed
473 1431 731 1468 edificaretur
753 1429 934 1475 ecclesia,
960 1429 1052 1478 quia
1086 1428 1201 1466 aliter
1234 1440 1307 1463 nec
1341 1439 1445 1475 papa
1473 1438 1545 1462 nec

232 1493 397 1540 angelus
431 1493 478 1527 de
512 1490 597 1526 celo
631 1497 766 1537 posset
800 1488 920 1525 talem
947 1486 1329 1536 appropriacionem
1354 1494 1544 1530 statuere,

232 1560 274 1586 ut
307 1558 417 1599 patet
450 1551 565 1585 Rom.
599 1548 620 1584 8
647 1556 685 1583 et
716 1548 773 1582 15.
821 1548 897 1583 Sed
937 1555 1044 1582 totus
1086 1546 1258 1581 mundus
1302 1553 1338 1580 et
1372 1556 1478 1592 papa
1511 1551 1547 1578 et

233 1609 368 1656 ydiote
406 1615 603 1644 noverunt
648 1604 916 1641 mendacium.
961 1604 1106 1640 Tercio
1150 1616 1245 1640 vero
1290 1602 1547 1650 promittunt,

233 1676 276 1703 ut
315 1674 489 1714 oportet,
529 1665 637 1713 quod
671 1663 889 1699 defendunt
923 1662 981 1698 ius
1015 1672 1051 1698 et
1085 1671 1234 1699 statum
1269 1660 1435 1697 ecclesie
1468 1671 1550 1695 non

235 1725 521 1762 deteriorando
560 1724 628 1759 sed
669 1721 921 1758 meliorando
968 1729 1136 1757 matrem
1184 1719 1409 1765 ecclesiam,
1456 1717 1549 1766 quia

234 1783 350 1820 aliter
382 1783 520 1819 liceret
544 1780 806 1826 contrarium,
841 1780 895 1816 ita
919 1780 1027 1828 quod
1050 1778 1181 1827 prima
1204 1777 1379 1826 sugestio
1403 1788 1551 1825 appro—

235 1841 452 1890 priacionis
491 1848 548 1876 est
588 1837 854 1875 mendicantis
898 1837 1074 1886 egencia.
1128 1837 1314 1873 Secunda
1351 1833 1551 1883 suggestio

237 1908 294 1936 est
328 1909 419 1936 ante
459 1910 598 1935 omnes
638 1897 738 1934 alios
779 1905 939 1944 egentes
978 1895 1018 1931 in
1057 1895 1134 1932 illis
1173 1893 1423 1932 necessitatis
1464 1905 1552 1941 pre-

238 1957 482 1994 eminencia:
517 1969 610 1993 nam
645 1955 675 1992 si
710 1955 749 1991 in
782 1954 869 1991 aliis
902 1954 1004 1990 foret
1038 1953 1173 1990 utilius
1208 1952 1373 1989 ecclesie
1406 1963 1554 1999 appro-

238 2016 374 2065 prians
406 2028 488 2052 non
522 2013 780 2050 mediocriter
812 2022 998 2062 peccaret
1032 2012 1308 2048 subtrahendo
1340 2011 1401 2048 vel
1434 2008 1553 2046 omit-

239 2075 360 2111 tendo
393 2082 548 2110 tantum
583 2074 733 2109 bonum
769 2071 907 2108 matris
939 2070 1118 2109 ecclesie.
1152 2072 1200 2106 Et
1227 2068 1352 2106 tercia
1379 2066 1554 2116 sugestio

240 2141 298 2169 est
331 2132 370 2168 in
405 2130 693 2168 melioracione
727 2129 867 2166 matris
894 2128 1061 2166 ecclesie
1086 2137 1274 2165 constans
1298 2138 1555 2175 perseveran—

241 2191 321 2237 cia3
356 2199 512 2227 constat
545 2188 707 2238 quidem
742 2189 851 2237 quod
883 2200 956 2224 nec
990 2199 1094 2235 pape
1126 2199 1198 2223 nec
1231 2186 1373 2234 angelo
1398 2185 1445 2221 de
1469 2183 1555 2220 celo

240 2249 332 2286 licet
377 2248 643 2297 appropriare
688 2245 899 2283 ecclesiam
945 2245 1183 2282 falsificante
1228 2243 1366 2292 aliquo
1410 2244 1555 2279 horum

241 2307 377 2353 trium,
423 2308 491 2343 sed
531 2318 771 2354 quecunque
805 2303 1093 2353 appropriacio
1126 2303 1294 2339 fundata
1327 2314 1446 2350 super
1479 2300 1556 2336 isto

243 2364 428 2402 mendaci
466 2364 625 2413 tripode
665 2364 909 2400 destruenda
949 2371 1006 2398 est
1046 2363 1095 2398 de
1127 2361 1213 2409 lege
1245 2360 1322 2406 dei,
1362 2369 1554 2407 tanquam

242 2423 359 2460 nidus
382 2423 575 2471 sacrilege
598 2421 789 2470 symonie.
825 2421 971 2458 Tercio
1006 2419 1284 2468 principaliter
1308 2417 1558 2454 convincitur

313 2554 334 2573 1.
355 2554 434 2582 sym.
448 2546 512 2573 her.
527 2545 631 2573 ceteri.
690 2544 714 2572 5.
730 2544 910 2580 quodquam
926 2551 951 2577 e,
966 2543 1132 2579 quicquam
1147 2542 1252 2570 ceteri.
1309 2549 1335 2576 7.
1357 2544 1402 2568 est
1416 2548 1475 2568 om.
1490 2538 1558 2575 dfh.

244 2580 269 2609 8.
293 2580 410 2608 deferre
429 2589 482 2616 ag.
556 2587 641 2614 9,10.
663 2580 781 2614 fingunt
800 2580 881 2606 enim
903 2579 1008 2606 ceteri.
1083 2586 1124 2605 10.
1146 2581 1175 2604 et
1194 2577 1231 2604 al.
1252 2575 1408 2611 episcopis
1429 2579 1457 2602 et
1478 2582 1559 2610 pers.

244 2616 316 2649 abg,
343 2620 371 2642 et
396 2615 489 2650 episc.
515 2618 585 2650 post
605 2614 716 2642 mediis
736 2614 756 2642 i.
830 2614 866 2641 15.
889 2618 1011 2640 centum
1033 2620 1128 2640 marc.
1150 2611 1280 2646 acdefg.
1355 2611 1396 2638 16.
1417 2610 1559 2637 vixerunt

245 2651 349 2677 ceteri.
441 2657 486 2677 20.
509 2657 596 2685 appr.
617 2650 710 2676 talem
729 2649 855 2685 abcefg.
946 2655 986 2675 21.
1008 2648 1094 2683 Rom.
1118 2646 1147 2674 18
1169 2651 1197 2673 et
1219 2646 1244 2674 15
1264 2645 1349 2681 beffg,
1374 2645 1412 2678 84
1434 2648 1461 2672 et
1484 2643 1510 2671 15
1530 2644 1558 2672 d.

247 2693 279 2719 ¹4
299 2689 327 2712 et
348 2684 373 2712 15
394 2685 421 2712 h.
512 2691 551 2711 21.
568 2685 712 2719 22.'pape
732 2684 836 2720 ydiote
856 2684 961 2711 ceteri.
1059 2683 1104 2710 28.
1127 2681 1155 2708 in
1177 2681 1237 2708 illis
1257 2688 1322 2716 ag;
1348 2679 1373 2707 si
1394 2687 1483 2715 appr.
1504 2686 1559 2713 ag.

246 2719 284 2748 31.
306 2724 351 2747 est
370 2736 403 2739 -
423 2719 495 2746 eccl.
516 2719 557 2746 al.
577 2726 616 2745 m.
639 2719 678 2751 Ιι,·
703 2718 740 2746 ib.
764 2718 942 2746 melioracio
963 2717 1050 2753 bceg.
1136 2714 1175 2749 31,
1197 2714 1240 2743 32.
1269 2719 1368 2742 const.
1391 2722 1472 2750 pers
1494 2713 1561 2745 cell,

246 2760 344 2782 const.
366 2763 401 2781 ex
423 2762 504 2789 pers.
527 2753 630 2780 ceteri.
688 2750 731 2785 32,
746 2751 789 2780 33.
811 2753 848 2780 de
868 2753 933 2780 celo
954 2752 1004 2780 lic.
1023 2759 1079 2787 ag.
1102 2759 1156 2778 nec
1176 2750 1224 2778 lic.
1246 2758 1274 2785 p.
1297 2758 1326 2777 n.
1348 2757 1417 2783 ang.
1438 2749 1466 2776 d.
1489 2756 1514 2775 c.
1535 2748 1562 2779 h,

247 2790 295 2817 lic.
312 2789 348 2817 de
364 2798 388 2817 c.
404 2789 510 2817 ceteri.
572 2786 615 2815 33.
636 2787 768 2815 falsitate
781 2787 902 2823 abcesg.
965 2786 1007 2814 35.
1031 2785 1184 2813 mendacii
1203 2784 1320 2821 acefg;
1338 2784 1377 2811 ib.
1393 2783 1511 2819 tripede
1531 2784 1560 2810 Ιι.

247 2823 294 2853 36.
317 2823 496 2860 symoniace
516 2822 545 2856 i,·
570 2823 608 2849 ib.
630 2822 770 2850 convinc.
792 2823 839 2857 dh,
861 2821 1033 2849 comittitur
1053 2821 1157 2848 ceteri.

320 2918 374 2940 21.
400 2908 503 2939 Rom.
529 2905 560 2947 8,
589 2905 630 2940 38
658 2913 691 2938 et
721 2906 771 2946 15,
803 2905 853 2938 18.

1769 261 1820 308 89

1608 384 1717 412 Proofs
1737 384 1772 411 of

1598 419 1777 446 simoniacal

1626 454 1747 489 lieresy:

1583 489 1713 524 I.'shey
1735 489 1787 515 scu

1568 524 1736 559 perfection
1758 523 1807 550 sor

1621 567 1744 594 money.

1572 791 1609 818 ΙΙ.
1631 790 1804 817 Falsehood

1566 826 1595 853 in
1620 826 1816 860 pretending:

1554 863 1586 894 a)
1605 861 1669 887 that
1687 860 1736 887 the
1752 868 1830 895 pope

1567 896 1625 934 and
1647 896 1748 930 clergy
1769 903 1819 922 are

1620 939 1649 957 ln
1671 934 1769 963 xvant3

1639 1313 1667 1346 h)
1687 1312 1752 1340 that

1572 1347 1825 1409 approtssriationds

1573 1387 1689 1445 ligiilstiie
1703 1390 1825 1444 {ligsssizli

1596 1461 1631 1480 or
1651 1453 1700 1479 the
1723 1460 1801 1487 pope

1610 1487 1711 1514 would
1734 1491 1787 1514 not

1598 1524 1687 1550 allow
1709 1522 1802 1548 them.
