<?xml version="1.0" encoding="UTF-8"?>
<!DOCTYPE html PUBLIC "-//W3C//DTD XHTML 1.0 Transitional//EN"
    "http://www.w3.org/TR/xhtml1/DTD/xhtml1-transitional.dtd">
<html xmlns="http://www.w3.org/1999/xhtml" xml:lang="en" lang="en">
 <head>
  <title>
</title>
<meta http-equiv="Content-Type" content="text/html;charset=utf-8" />
  <meta name='ocr-system' content='tesseract 3.04.00' />
  <meta name='ocr-capabilities' content='ocr_page ocr_carea ocr_par ocr_line ocrx_word'/>
</head>
<body>
  <div class='ocr_page' id='page_1' title='image "./iohanniswycliftr16wycl/iohanniswycliftr16wycl_0063.png"; bbox 0 0 2002 3359; ppageno 0'>
   <div class='ocr_carea' id='block_1_1' title="bbox 242 267 1038 324">
    <p class='ocr_par' dir='ltr' id='par_1_1' title="bbox 242 267 1038 324">
     <span class='ocr_line' id='line_1_1' title="bbox 242 267 1038 324; baseline 0.006 -18"><span class='ocrx_word' id='word_1_1' title='bbox 242 279 331 306; x_wconf 77' lang='lat' dir='ltr'>CAP.</span> <span class='ocrx_word' id='word_1_2' title='bbox 354 267 408 324; x_wconf 75' lang='lat' dir='ltr'>n]</span> <span class='ocrx_word' id='word_1_3' title='bbox 754 279 811 310; x_wconf 71' lang='lat' dir='ltr'>DF,</span> <span class='ocrx_word' id='word_1_4' title='bbox 840 278 1038 311; x_wconf 69' lang='lat' dir='ltr'>smonm.</span> 
     </span>
    </p>
   </div>
   <div class='ocr_carea' id='block_1_2' title="bbox 179 384 1551 2233">
    <p class='ocr_par' dir='ltr' id='par_1_2' title="bbox 179 384 1551 1872">
     <span class='ocr_line' id='line_1_2' title="bbox 240 384 1551 434; baseline -0.003 -12"><span class='ocrx_word' id='word_1_5' title='bbox 240 387 492 434; x_wconf 81' lang='lat' dir='ltr'>‘Quicunque</span> <span class='ocrx_word' id='word_1_6' title='bbox 516 398 648 422; x_wconf 88' lang='lat' dir='ltr'>sacros</span> <span class='ocrx_word' id='word_1_7' title='bbox 672 385 830 421; x_wconf 79' lang='lat' dir='ltr'>ordines</span> <span class='ocrx_word' id='word_1_8' title='bbox 853 385 1028 420; x_wconf 74' lang='lat' dir='ltr'>vendunt</span> <span class='ocrx_word' id='word_1_9' title='bbox 1051 392 1119 420; x_wconf 88' lang='lat' dir='ltr'>aut</span> <span class='ocrx_word' id='word_1_10' title='bbox 1143 392 1291 427; x_wconf 87' lang='lat' dir='ltr'>emunt,</span> <span class='ocrx_word' id='word_1_11' title='bbox 1326 384 1551 419; x_wconf 86' lang='lat' dir='ltr'>sacerdotes</span> 
     </span>
     <span class='ocr_line' id='line_1_3' title="bbox 239 441 1550 492; baseline -0.003 -12"><span class='ocrx_word' id='word_1_12' title='bbox 239 457 322 480; x_wconf 89' lang='lat' dir='ltr'>esse</span> <span class='ocrx_word' id='word_1_13' title='bbox 354 457 434 480; x_wconf 92' lang='lat' dir='ltr'>non</span> <span class='ocrx_word' id='word_1_14' title='bbox 457 453 632 492; x_wconf 79' lang='lat' dir='ltr'>possunt.</span> <span class='ocrx_word' id='word_1_15' title='bbox 671 445 783 480; x_wconf 90' lang='lat' dir='ltr'>Unde</span> <span class='ocrx_word' id='word_1_16' title='bbox 816 442 1007 490; x_wconf 89' lang='lat' dir='ltr'>scriptum</span> <span class='ocrx_word' id='word_1_17' title='bbox 1042 451 1117 478; x_wconf 88' lang='lat' dir='ltr'>est:</span> <span class='ocrx_word' id='word_1_18' title='bbox 1153 442 1407 477; x_wconf 85' lang='lat' dir='ltr'>“Anathema</span> <span class='ocrx_word' id='word_1_19' title='bbox 1441 441 1550 477; x_wconf 85' lang='lat' dir='ltr'>danti</span> 
     </span>
     <span class='ocr_line' id='line_1_4' title="bbox 239 499 1548 549; baseline -0.003 -11"><span class='ocrx_word' id='word_1_20' title='bbox 239 511 276 538; x_wconf 91' lang='lat' dir='ltr'>et</span> <span class='ocrx_word' id='word_1_21' title='bbox 299 503 513 539; x_wconf 81' lang='lat' dir='ltr'>anatliema</span> <span class='ocrx_word' id='word_1_22' title='bbox 537 501 762 549; x_wconf 78' lang='lat' dir='ltr'>accipienti,</span> <span class='ocrx_word' id='word_1_23' title='bbox 789 502 863 536; x_wconf 90' lang='grc'><strong>1100</strong></span> <span class='ocrx_word' id='word_1_24' title='bbox 888 509 945 536; x_wconf 89' lang='lat' dir='ltr'>est</span> <span class='ocrx_word' id='word_1_25' title='bbox 967 499 1198 547; x_wconf 82' lang='lat' dir='ltr'>symoniaca</span> <span class='ocrx_word' id='word_1_26' title='bbox 1218 499 1404 537; x_wconf 58' lang='lat' dir='ltr'>heresisss&#39;</span> <span class='ocrx_word' id='word_1_27' title='bbox 1441 501 1548 545; x_wconf 85' lang='lat' dir='ltr'>Quo-</span> 
     </span>
     <span class='ocr_line' id='line_1_5' title="bbox 240 557 1551 608; baseline -0.002 -12"><span class='ocrx_word' id='word_1_28' title='bbox 240 561 358 596; x_wconf 92' lang='lat' dir='ltr'>modo</span> <span class='ocrx_word' id='word_1_29' title='bbox 392 573 498 608; x_wconf 88' lang='lat' dir='ltr'>ergo,</span> <span class='ocrx_word' id='word_1_30' title='bbox 532 559 562 596; x_wconf 89' lang='lat' dir='ltr'>si</span> <span class='ocrx_word' id='word_1_31' title='bbox 596 560 811 596; x_wconf 87' lang='lat' dir='ltr'>anathema</span> <span class='ocrx_word' id='word_1_32' title='bbox 843 566 934 594; x_wconf 92' lang='lat' dir='ltr'>sunt</span> <span class='ocrx_word' id='word_1_33' title='bbox 957 566 993 593; x_wconf 92' lang='lat' dir='ltr'>et</span> <span class='ocrx_word' id='word_1_34' title='bbox 1016 557 1141 594; x_wconf 84' lang='lat' dir='ltr'>sancti</span> <span class='ocrx_word' id='word_1_35' title='bbox 1165 570 1246 594; x_wconf 93' lang='lat' dir='ltr'>non</span> <span class='ocrx_word' id='word_1_36' title='bbox 1268 566 1373 604; x_wconf 90' lang='lat' dir='ltr'>sunt,</span> <span class='ocrx_word' id='word_1_37' title='bbox 1406 557 1551 593; x_wconf 82' lang='lat' dir='ltr'>sancti-</span> 
     </span>
     <span class='ocr_line' id='line_1_6' title="bbox 205 615 1550 666; baseline -0.003 -11"><span class='ocrx_word' id='word_1_38' title='bbox 205 618 358 656; x_wconf 79' lang='lat' dir='ltr'>5fieare</span> <span class='ocrx_word' id='word_1_39' title='bbox 398 618 496 654; x_wconf 88' lang='lat' dir='ltr'>alios</span> <span class='ocrx_word' id='word_1_40' title='bbox 536 617 724 666; x_wconf 82' lang='lat' dir='ltr'>possunt?</span> <span class='ocrx_word' id='word_1_41' title='bbox 771 617 986 662; x_wconf 81' lang='lat' dir='ltr'>Quomodo</span> <span class='ocrx_word' id='word_1_42' title='bbox 1026 628 1170 664; x_wconf 90' lang='lat' dir='ltr'>corpus</span> <span class='ocrx_word' id='word_1_43' title='bbox 1205 615 1352 653; x_wconf 84' lang='lat' dir='ltr'>Christi</span> <span class='ocrx_word' id='word_1_44' title='bbox 1392 616 1550 652; x_wconf 89' lang='lat' dir='ltr'>tradere</span> 
     </span>
     <span class='ocr_line' id='line_1_7' title="bbox 238 673 1550 724; baseline -0.002 -12"><span class='ocrx_word' id='word_1_45' title='bbox 238 677 297 712; x_wconf 75' lang='lat' dir='ltr'>vel</span> <span class='ocrx_word' id='word_1_46' title='bbox 338 676 520 724; x_wconf 87' lang='lat' dir='ltr'>accipere</span> <span class='ocrx_word' id='word_1_47' title='bbox 564 675 754 724; x_wconf 75' lang='lat' dir='ltr'>possunt?</span> <span class='ocrx_word' id='word_1_48' title='bbox 799 673 877 719; x_wconf 91' lang='lat' dir='ltr'>Qui</span> <span class='ocrx_word' id='word_1_49' title='bbox 926 673 1162 710; x_wconf 88' lang='lat' dir='ltr'>maledictus</span> <span class='ocrx_word' id='word_1_50' title='bbox 1203 683 1273 720; x_wconf 87' lang='lat' dir='ltr'>est,</span> <span class='ocrx_word' id='word_1_51' title='bbox 1317 673 1550 710; x_wconf 86' lang='lat' dir='ltr'>benedicere</span> 
     </span>
     <span class='ocr_line' id='line_1_8' title="bbox 239 732 1548 782; baseline -0.002 -12"><span class='ocrx_word' id='word_1_52' title='bbox 239 736 442 782; x_wconf 92' lang='lat' dir='ltr'>quomodo</span> <span class='ocrx_word' id='word_1_53' title='bbox 482 734 647 781; x_wconf 79' lang='lat' dir='ltr'>potest?&#39;</span> <span class='ocrx_word' id='word_1_54' title='bbox 688 735 789 768; x_wconf 79' lang='lat' dir='ltr'>Ymo</span> <span class='ocrx_word' id='word_1_55' title='bbox 828 732 916 780; x_wconf 88' lang='lat' dir='ltr'>plus</span> <span class='ocrx_word' id='word_1_56' title='bbox 956 733 1198 768; x_wconf 81' lang='lat' dir='ltr'>conduceret</span> <span class='ocrx_word' id='word_1_57' title='bbox 1230 732 1328 768; x_wconf 89' lang='lat' dir='ltr'>tales</span> <span class='ocrx_word' id='word_1_58' title='bbox 1361 732 1548 779; x_wconf 76' lang='lat' dir='ltr'>prelatos,</span> 
     </span>
     <span class='ocr_line' id='line_1_9' title="bbox 238 789 1549 834; baseline -0.002 -6"><span class='ocrx_word' id='word_1_59' title='bbox 238 805 286 828; x_wconf 93' lang='lat' dir='ltr'>ne</span> <span class='ocrx_word' id='word_1_60' title='bbox 326 791 562 828; x_wconf 82' lang='lat' dir='ltr'>benedicant</span> <span class='ocrx_word' id='word_1_61' title='bbox 603 791 663 827; x_wconf 71' lang='lat' dir='ltr'>vel</span> <span class='ocrx_word' id='word_1_62' title='bbox 703 790 927 826; x_wconf 80' lang='lat' dir='ltr'>ministrent</span> <span class='ocrx_word' id='word_1_63' title='bbox 972 789 1239 826; x_wconf 80' lang='lat' dir='ltr'>ecclesiastica</span> <span class='ocrx_word' id='word_1_64' title='bbox 1283 798 1549 834; x_wconf 84' lang='lat' dir='ltr'>sacramenta,</span> 
     </span>
     <span class='ocr_line' id='line_1_10' title="bbox 238 847 1548 898; baseline -0.002 -13"><span class='ocrx_word' id='word_1_65' title='bbox 238 850 332 898; x_wconf 90' lang='lat' dir='ltr'>quia</span> <span class='ocrx_word' id='word_1_66' title='bbox 365 851 503 886; x_wconf 86' lang='lat' dir='ltr'>eadem</span> <span class='ocrx_word' id='word_1_67' title='bbox 538 848 745 897; x_wconf 84' lang='lat' dir='ltr'>questione</span> <span class='ocrx_word' id='word_1_68' title='bbox 775 856 1065 896; x_wconf 82' lang='lat' dir='ltr'>consequenter</span> <span class='ocrx_word' id='word_1_69' title='bbox 1096 847 1151 883; x_wconf 90' lang='lat' dir='ltr'>sic</span> <span class='ocrx_word' id='word_1_70' title='bbox 1184 848 1281 884; x_wconf 93' lang='lat' dir='ltr'>dicit</span> <span class='ocrx_word' id='word_1_71' title='bbox 1313 847 1548 884; x_wconf 90' lang='lat' dir='ltr'>concilium:</span> 
     </span>
     <span class='ocr_line' id='line_1_11' title="bbox 187 905 1550 956; baseline -0.002 -12"><span class='ocrx_word' id='word_1_72' title='bbox 187 910 341 944; x_wconf 76' lang='lat' dir='ltr'>io‘Non</span> <span class='ocrx_word' id='word_1_73' title='bbox 378 916 537 956; x_wconf 84' lang='lat' dir='ltr'>oportet</span> <span class='ocrx_word' id='word_1_74' title='bbox 575 906 840 943; x_wconf 86' lang='lat' dir='ltr'>hereticorum</span> <span class='ocrx_word' id='word_1_75' title='bbox 882 905 1184 941; x_wconf 90' lang='lat' dir='ltr'>benedicciones</span> <span class='ocrx_word' id='word_1_76' title='bbox 1223 905 1418 954; x_wconf 87' lang='lat' dir='ltr'>accipere,</span> <span class='ocrx_word' id='word_1_77' title='bbox 1453 919 1550 954; x_wconf 92' lang='lat' dir='ltr'>quo-</span> 
     </span>
     <span class='ocr_line' id='line_1_12' title="bbox 237 963 1548 1012; baseline -0.002 -11"><span class='ocrx_word' id='word_1_78' title='bbox 237 966 343 1002; x_wconf 88' lang='lat' dir='ltr'>niam</span> <span class='ocrx_word' id='word_1_79' title='bbox 393 965 699 1002; x_wconf 86' lang='lat' dir='ltr'>maledicciones</span> <span class='ocrx_word' id='word_1_80' title='bbox 743 973 834 1000; x_wconf 90' lang='lat' dir='ltr'>sunt</span> <span class='ocrx_word' id='word_1_81' title='bbox 879 963 1004 1011; x_wconf 86' lang='lat' dir='ltr'>magis</span> <span class='ocrx_word' id='word_1_82' title='bbox 1049 977 1168 1012; x_wconf 87' lang='lat' dir='ltr'>quam</span> <span class='ocrx_word' id='word_1_83' title='bbox 1218 964 1548 1000; x_wconf 76' lang='lat' dir='ltr'>benedicciones.&#39;</span> 
     </span>
     <span class='ocr_line' id='line_1_13' title="bbox 238 1022 1549 1071; baseline -0.002 -11"><span class='ocrx_word' id='word_1_84' title='bbox 238 1023 342 1069; x_wconf 87' lang='lat' dir='ltr'>Quia</span> <span class='ocrx_word' id='word_1_85' title='bbox 361 1023 556 1060; x_wconf 88' lang='lat' dir='ltr'>Malachie</span> <span class='ocrx_word' id='word_1_86' title='bbox 582 1034 602 1059; x_wconf 81' lang='lat'>2</span> <span class='ocrx_word' id='word_1_87' title='bbox 628 1022 826 1071; x_wconf 88' lang='lat' dir='ltr'>promittit</span> <span class='ocrx_word' id='word_1_88' title='bbox 850 1022 1055 1058; x_wconf 85' lang='lat' dir='ltr'>dominus:</span> <span class='ocrx_word' id='word_1_89' title='bbox 1091 1022 1372 1067; x_wconf 82' lang='lat' dir='ltr'>‘Maledicam&#39;,</span> <span class='ocrx_word' id='word_1_90' title='bbox 1406 1022 1549 1070; x_wconf 88' lang='lat' dir='ltr'>inquit,</span> 
     </span>
     <span class='ocr_line' id='line_1_14' title="bbox 238 1079 1549 1128; baseline -0.002 -11"><span class='ocrx_word' id='word_1_91' title='bbox 238 1081 601 1118; x_wconf 79' lang='lat' dir='ltr'>‘benediccionibus</span> <span class='ocrx_word' id='word_1_92' title='bbox 633 1080 798 1126; x_wconf 79' lang='lat' dir='ltr'>vestris&#39;,</span> <span class='ocrx_word' id='word_1_93' title='bbox 834 1082 907 1116; x_wconf 89' lang='grc'><strong>1100</strong></span> <span class='ocrx_word' id='word_1_94' title='bbox 941 1089 1010 1126; x_wconf 92' lang='lat' dir='ltr'>est,</span> <span class='ocrx_word' id='word_1_95' title='bbox 1052 1079 1147 1116; x_wconf 88' lang='lat' dir='ltr'>dicit</span> <span class='ocrx_word' id='word_1_96' title='bbox 1180 1081 1399 1125; x_wconf 90' lang='lat' dir='ltr'>decretum,</span> <span class='ocrx_word' id='word_1_97' title='bbox 1440 1080 1549 1128; x_wconf 92' lang='lat' dir='ltr'>quic-</span> 
     </span>
     <span class='ocr_line' id='line_1_15' title="bbox 237 1137 1547 1188; baseline -0.002 -13"><span class='ocrx_word' id='word_1_98' title='bbox 237 1140 333 1188; x_wconf 92' lang='lat' dir='ltr'>quid</span> <span class='ocrx_word' id='word_1_99' title='bbox 357 1153 378 1176; x_wconf 92' lang='lat' dir='ltr'>a</span> <span class='ocrx_word' id='word_1_100' title='bbox 400 1140 510 1176; x_wconf 79' lang='lat' dir='ltr'>vobis</span> <span class='ocrx_word' id='word_1_101' title='bbox 534 1139 802 1184; x_wconf 86' lang='lat' dir='ltr'>benedicetur,</span> <span class='ocrx_word' id='word_1_102' title='bbox 837 1151 907 1186; x_wconf 86' lang='lat' dir='ltr'>per</span> <span class='ocrx_word' id='word_1_103' title='bbox 930 1150 992 1174; x_wconf 89' lang='lat' dir='ltr'>me</span> <span class='ocrx_word' id='word_1_104' title='bbox 1016 1137 1089 1174; x_wconf 91' lang='lat' dir='ltr'>erit</span> <span class='ocrx_word' id='word_1_105' title='bbox 1123 1138 1396 1174; x_wconf 88' lang='lat' dir='ltr'>maledictum.</span> <span class='ocrx_word' id='word_1_106' title='bbox 1431 1139 1547 1184; x_wconf 89' lang='lat' dir='ltr'>Quod</span> 
     </span>
     <span class='ocr_line' id='line_1_16' title="bbox 184 1196 1550 1245; baseline -0.001 -12"><span class='ocrx_word' id='word_1_107' title='bbox 184 1198 392 1236; x_wconf 74' lang='lat' dir='ltr'>15videtur</span> <span class='ocrx_word' id='word_1_108' title='bbox 435 1198 490 1234; x_wconf 88' lang='lat' dir='ltr'>sic</span> <span class='ocrx_word' id='word_1_109' title='bbox 534 1210 627 1234; x_wconf 90' lang='lat' dir='ltr'>sane</span> <span class='ocrx_word' id='word_1_110' title='bbox 677 1210 791 1245; x_wconf 89' lang='lat' dir='ltr'>posse</span> <span class='ocrx_word' id='word_1_111' title='bbox 843 1196 1024 1244; x_wconf 76' lang='lat' dir='ltr'>intelligi,</span> <span class='ocrx_word' id='word_1_112' title='bbox 1073 1196 1301 1244; x_wconf 86' lang='lat' dir='ltr'>quicunque</span> <span class='ocrx_word' id='word_1_113' title='bbox 1347 1196 1550 1244; x_wconf 77' lang='lat' dir='ltr'>cognoscit</span> 
     </span>
     <span class='ocr_line' id='line_1_17' title="bbox 235 1254 1550 1303; baseline -0.002 -11"><span class='ocrx_word' id='word_1_114' title='bbox 235 1257 295 1292; x_wconf 71' lang='lat' dir='ltr'>vel</span> <span class='ocrx_word' id='word_1_115' title='bbox 347 1257 463 1292; x_wconf 89' lang='lat' dir='ltr'>debet</span> <span class='ocrx_word' id='word_1_116' title='bbox 516 1268 754 1303; x_wconf 79' lang='lat' dir='ltr'>cognoscere</span> <span class='ocrx_word' id='word_1_117' title='bbox 796 1268 863 1291; x_wconf 90' lang='lat' dir='ltr'>vos</span> <span class='ocrx_word' id='word_1_118' title='bbox 906 1267 989 1290; x_wconf 85' lang='lat' dir='ltr'>esse</span> <span class='ocrx_word' id='word_1_119' title='bbox 1033 1254 1298 1302; x_wconf 81' lang='lat' dir='ltr'>symoniacos,</span> <span class='ocrx_word' id='word_1_120' title='bbox 1352 1264 1389 1291; x_wconf 91' lang='lat' dir='ltr'>et</span> <span class='ocrx_word' id='word_1_121' title='bbox 1431 1267 1550 1302; x_wconf 86' lang='lat' dir='ltr'>super</span> 
     </span>
     <span class='ocr_line' id='line_1_18' title="bbox 238 1312 1550 1362; baseline -0.002 -13"><span class='ocrx_word' id='word_1_122' title='bbox 238 1315 311 1350; x_wconf 88' lang='grc'><strong>1100</strong></span> <span class='ocrx_word' id='word_1_123' title='bbox 334 1314 475 1362; x_wconf 85' lang='lat' dir='ltr'>recipit</span> <span class='ocrx_word' id='word_1_124' title='bbox 498 1327 518 1350; x_wconf 88' lang='lat' dir='ltr'>a</span> <span class='ocrx_word' id='word_1_125' title='bbox 541 1313 651 1350; x_wconf 79' lang='lat' dir='ltr'>vobis</span> <span class='ocrx_word' id='word_1_126' title='bbox 684 1314 945 1362; x_wconf 85' lang='lat' dir='ltr'>aplaudenter</span> <span class='ocrx_word' id='word_1_127' title='bbox 978 1312 1302 1349; x_wconf 84' lang='lat' dir='ltr'>benediccionem</span> <span class='ocrx_word' id='word_1_128' title='bbox 1327 1314 1387 1349; x_wconf 75' lang='lat' dir='ltr'>vel</span> <span class='ocrx_word' id='word_1_129' title='bbox 1410 1325 1550 1360; x_wconf 89' lang='lat' dir='ltr'>quam-</span> 
     </span>
     <span class='ocr_line' id='line_1_19' title="bbox 237 1370 1548 1420; baseline -0.002 -12"><span class='ocrx_word' id='word_1_130' title='bbox 237 1385 393 1420; x_wconf 88' lang='lat' dir='ltr'>cunque</span> <span class='ocrx_word' id='word_1_131' title='bbox 426 1372 545 1408; x_wconf 88' lang='lat' dir='ltr'>aliam</span> <span class='ocrx_word' id='word_1_132' title='bbox 586 1371 926 1408; x_wconf 88' lang='lat' dir='ltr'>ministracionem</span> <span class='ocrx_word' id='word_1_133' title='bbox 973 1370 1163 1419; x_wconf 79' lang='lat' dir='ltr'>episcopi,</span> <span class='ocrx_word' id='word_1_134' title='bbox 1211 1380 1386 1407; x_wconf 90' lang='lat' dir='ltr'>meretur</span> <span class='ocrx_word' id='word_1_135' title='bbox 1418 1380 1460 1406; x_wconf 94' lang='lat' dir='ltr'>ut</span> <span class='ocrx_word' id='word_1_136' title='bbox 1494 1370 1548 1406; x_wconf 87' lang='lat' dir='ltr'>sic</span> 
     </span>
     <span class='ocr_line' id='line_1_20' title="bbox 238 1428 1548 1477; baseline -0.002 -11"><span class='ocrx_word' id='word_1_137' title='bbox 238 1430 565 1466; x_wconf 89' lang='lat' dir='ltr'>malediccionem</span> <span class='ocrx_word' id='word_1_138' title='bbox 604 1429 769 1474; x_wconf 93' lang='lat' dir='ltr'>domini,</span> <span class='ocrx_word' id='word_1_139' title='bbox 815 1429 909 1477; x_wconf 87' lang='lat' dir='ltr'>quia</span> <span class='ocrx_word' id='word_1_140' title='bbox 949 1437 1087 1465; x_wconf 85' lang='lat' dir='ltr'>contra</span> <span class='ocrx_word' id='word_1_141' title='bbox 1127 1430 1360 1465; x_wconf 80' lang='lat' dir='ltr'>mandatum</span> <span class='ocrx_word' id='word_1_142' title='bbox 1397 1428 1548 1464; x_wconf 87' lang='lat' dir='ltr'>domini</span> 
     </span>
     <span class='ocr_line' id='line_1_21' title="bbox 180 1487 1549 1534; baseline -0.001 -10"><span class='ocrx_word' id='word_1_143' title='bbox 180 1503 221 1524; x_wconf 88' lang='lat'>20</span> <span class='ocrx_word' id='word_1_144' title='bbox 237 1489 375 1525; x_wconf 86' lang='lat' dir='ltr'>Matth.</span> <span class='ocrx_word' id='word_1_145' title='bbox 407 1489 466 1524; x_wconf 83' lang='grc'>18.</span> <span class='ocrx_word' id='word_1_146' title='bbox 503 1488 576 1524; x_wconf 86' lang='lat' dir='ltr'>‘Sit</span> <span class='ocrx_word' id='word_1_147' title='bbox 603 1487 673 1523; x_wconf 92' lang='lat' dir='ltr'>tibi</span> <span class='ocrx_word' id='word_1_148' title='bbox 697 1487 798 1524; x_wconf 90' lang='lat' dir='ltr'>sicut</span> <span class='ocrx_word' id='word_1_149' title='bbox 821 1487 1002 1523; x_wconf 84' lang='lat' dir='ltr'>ethnicus</span> <span class='ocrx_word' id='word_1_150' title='bbox 1025 1496 1061 1523; x_wconf 94' lang='lat' dir='ltr'>et</span> <span class='ocrx_word' id='word_1_151' title='bbox 1086 1487 1350 1534; x_wconf 83' lang='lat' dir='ltr'>publicanus&#39;,</span> <span class='ocrx_word' id='word_1_152' title='bbox 1384 1488 1489 1523; x_wconf 72' lang='lat' dir='ltr'>fovet</span> <span class='ocrx_word' id='word_1_153' title='bbox 1512 1495 1549 1522; x_wconf 92' lang='lat' dir='ltr'>et</span> 
     </span>
     <span class='ocr_line' id='line_1_22' title="bbox 236 1545 1549 1594; baseline -0.001 -12"><span class='ocrx_word' id='word_1_154' title='bbox 236 1545 347 1594; x_wconf 89' lang='lat' dir='ltr'>ungit</span> <span class='ocrx_word' id='word_1_155' title='bbox 379 1547 499 1582; x_wconf 90' lang='lat' dir='ltr'>talem</span> <span class='ocrx_word' id='word_1_156' title='bbox 533 1546 622 1582; x_wconf 91' lang='lat' dir='ltr'>oleo</span> <span class='ocrx_word' id='word_1_157' title='bbox 644 1545 878 1594; x_wconf 81' lang='lat' dir='ltr'>peccatoris.</span> <span class='ocrx_word' id='word_1_158' title='bbox 915 1546 1128 1591; x_wconf 85' lang='lat' dir='ltr'>Quomodo</span> <span class='ocrx_word' id='word_1_159' title='bbox 1152 1557 1246 1592; x_wconf 90' lang='lat' dir='ltr'>ergo</span> <span class='ocrx_word' id='word_1_160' title='bbox 1269 1558 1348 1581; x_wconf 92' lang='lat' dir='ltr'>non</span> <span class='ocrx_word' id='word_1_161' title='bbox 1371 1553 1549 1592; x_wconf 81' lang='lat' dir='ltr'>vergeret</span> 
     </span>
     <span class='ocr_line' id='line_1_23' title="bbox 236 1603 1550 1652; baseline -0.002 -12"><span class='ocrx_word' id='word_1_162' title='bbox 236 1604 304 1640; x_wconf 88' lang='lat' dir='ltr'>tali</span> <span class='ocrx_word' id='word_1_163' title='bbox 349 1617 449 1652; x_wconf 88' lang='lat' dir='ltr'>opus</span> <span class='ocrx_word' id='word_1_164' title='bbox 493 1613 574 1640; x_wconf 91' lang='lat' dir='ltr'>tam</span> <span class='ocrx_word' id='word_1_165' title='bbox 621 1604 770 1640; x_wconf 87' lang='lat' dir='ltr'>malum</span> <span class='ocrx_word' id='word_1_166' title='bbox 818 1603 1040 1639; x_wconf 84' lang='lat' dir='ltr'>mortaliter</span> <span class='ocrx_word' id='word_1_167' title='bbox 1083 1603 1123 1639; x_wconf 91' lang='lat' dir='ltr'>in</span> <span class='ocrx_word' id='word_1_168' title='bbox 1167 1603 1435 1651; x_wconf 84' lang='lat' dir='ltr'>dispendium,</span> <span class='ocrx_word' id='word_1_169' title='bbox 1480 1616 1550 1651; x_wconf 91' lang='lat' dir='ltr'>po-</span> 
     </span>
     <span class='ocr_line' id='line_1_24' title="bbox 236 1661 1550 1710; baseline 0 -13"><span class='ocrx_word' id='word_1_170' title='bbox 236 1661 386 1698; x_wconf 89' lang='lat' dir='ltr'>tissime</span> <span class='ocrx_word' id='word_1_171' title='bbox 431 1675 521 1698; x_wconf 90' lang='lat' dir='ltr'>cum</span> <span class='ocrx_word' id='word_1_172' title='bbox 567 1662 703 1710; x_wconf 89' lang='lat' dir='ltr'>aliquo</span> <span class='ocrx_word' id='word_1_173' title='bbox 747 1674 811 1698; x_wconf 78' lang='lat' dir='ltr'>sex</span> <span class='ocrx_word' id='word_1_174' title='bbox 855 1674 1045 1709; x_wconf 76' lang='lat' dir='ltr'>generum</span> <span class='ocrx_word' id='word_1_175' title='bbox 1093 1674 1308 1697; x_wconf 89' lang='lat' dir='ltr'>consensus</span> <span class='ocrx_word' id='word_1_176' title='bbox 1354 1661 1550 1698; x_wconf 88' lang='lat' dir='ltr'>consentit</span> 
     </span>
     <span class='ocr_line' id='line_1_25' title="bbox 236 1720 1547 1768; baseline -0.002 -12"><span class='ocrx_word' id='word_1_177' title='bbox 236 1720 363 1756; x_wconf 88' lang='lat' dir='ltr'>heresi</span> <span class='ocrx_word' id='word_1_178' title='bbox 403 1720 458 1756; x_wconf 91' lang='lat' dir='ltr'>sic</span> <span class='ocrx_word' id='word_1_179' title='bbox 497 1720 664 1768; x_wconf 82' lang='lat' dir='ltr'>prelati?</span> <span class='ocrx_word' id='word_1_180' title='bbox 709 1721 757 1756; x_wconf 84' lang='lat' dir='ltr'>Et</span> <span class='ocrx_word' id='word_1_181' title='bbox 790 1728 899 1767; x_wconf 85' lang='lat' dir='ltr'>patet</span> <span class='ocrx_word' id='word_1_182' title='bbox 943 1733 1063 1768; x_wconf 87' lang='lat' dir='ltr'>quam</span> <span class='ocrx_word' id='word_1_183' title='bbox 1111 1732 1247 1767; x_wconf 78' lang='lat' dir='ltr'>expers</span> <span class='ocrx_word' id='word_1_184' title='bbox 1293 1728 1350 1756; x_wconf 91' lang='lat' dir='ltr'>est</span> <span class='ocrx_word' id='word_1_185' title='bbox 1383 1732 1547 1767; x_wconf 87' lang='lat' dir='ltr'>regnum</span> 
     </span>
     <span class='ocr_line' id='line_1_26' title="bbox 179 1777 1550 1826; baseline -0.001 -12"><span class='ocrx_word' id='word_1_186' title='bbox 179 1782 218 1814; x_wconf 83' lang='lat'>25</span> <span class='ocrx_word' id='word_1_187' title='bbox 235 1786 415 1814; x_wconf 88' lang='lat' dir='ltr'>nostrum</span> <span class='ocrx_word' id='word_1_188' title='bbox 448 1777 666 1826; x_wconf 86' lang='lat' dir='ltr'>spiritualis</span> <span class='ocrx_word' id='word_1_189' title='bbox 698 1777 875 1825; x_wconf 79' lang='lat' dir='ltr'>suffragii</span> <span class='ocrx_word' id='word_1_190' title='bbox 907 1787 1071 1826; x_wconf 88' lang='lat' dir='ltr'>propter</span> <span class='ocrx_word' id='word_1_191' title='bbox 1114 1777 1387 1825; x_wconf 79' lang='lat' dir='ltr'>symoniacam</span> <span class='ocrx_word' id='word_1_192' title='bbox 1422 1777 1550 1826; x_wconf 67' lang='lat' dir='ltr'>pravi-</span> 
     </span>
     <span class='ocr_line' id='line_1_27' title="bbox 236 1845 1238 1872; baseline 0 0"><span class='ocrx_word' id='word_1_193' title='bbox 236 1845 371 1872; x_wconf 73' lang='lat' dir='ltr'>tatesn.</span> <span class='ocrx_word' id='word_1_194' title='bbox 1236 1870 1238 1872; x_wconf 74' lang='grc'><strong>,</strong></span> 
     </span>
    </p>

    <p class='ocr_par' dir='ltr' id='par_1_3' title="bbox 236 1893 1548 2058">
     <span class='ocr_line' id='line_1_28' title="bbox 294 1893 1546 1942; baseline -0.001 -12"><span class='ocrx_word' id='word_1_195' title='bbox 294 1895 477 1931; x_wconf 86' lang='lat' dir='ltr'>Secundo</span> <span class='ocrx_word' id='word_1_196' title='bbox 522 1893 797 1942; x_wconf 79' lang='lat' dir='ltr'>principaliter</span> <span class='ocrx_word' id='word_1_197' title='bbox 835 1893 1015 1941; x_wconf 78' lang='lat' dir='ltr'>arguitur</span> <span class='ocrx_word' id='word_1_198' title='bbox 1054 1902 1193 1930; x_wconf 87' lang='lat' dir='ltr'>contra</span> <span class='ocrx_word' id='word_1_199' title='bbox 1232 1893 1546 1942; x_wconf 89' lang='lat' dir='ltr'>descripcionem</span> 
     </span>
     <span class='ocr_line' id='line_1_29' title="bbox 236 1951 1548 2000; baseline 0 -12"><span class='ocrx_word' id='word_1_200' title='bbox 236 1952 455 2000; x_wconf 82' lang='lat' dir='ltr'>predictam</span> <span class='ocrx_word' id='word_1_201' title='bbox 496 1964 566 2000; x_wconf 92' lang='lat' dir='ltr'>per</span> <span class='ocrx_word' id='word_1_202' title='bbox 605 1953 691 1997; x_wconf 87' lang='lat' dir='ltr'>hoc,</span> <span class='ocrx_word' id='word_1_203' title='bbox 737 1953 844 2000; x_wconf 92' lang='lat' dir='ltr'>quod</span> <span class='ocrx_word' id='word_1_204' title='bbox 884 1952 991 1988; x_wconf 81' lang='lat' dir='ltr'>iuxta</span> <span class='ocrx_word' id='word_1_205' title='bbox 1030 1951 1139 1988; x_wconf 89' lang='lat' dir='ltr'>illam</span> <span class='ocrx_word' id='word_1_206' title='bbox 1179 1965 1258 1987; x_wconf 91' lang='lat' dir='ltr'>non</span> <span class='ocrx_word' id='word_1_207' title='bbox 1292 1951 1428 1988; x_wconf 88' lang='lat' dir='ltr'>liceret</span> <span class='ocrx_word' id='word_1_208' title='bbox 1461 1965 1548 2000; x_wconf 89' lang='lat' dir='ltr'>pre-</span> 
     </span>
     <span class='ocr_line' id='line_1_30' title="bbox 237 2009 1547 2058; baseline 0.001 -12"><span class='ocrx_word' id='word_1_209' title='bbox 237 2009 318 2046; x_wconf 88' lang='lat' dir='ltr'>cari</span> <span class='ocrx_word' id='word_1_210' title='bbox 342 2024 413 2058; x_wconf 92' lang='lat' dir='ltr'>pro</span> <span class='ocrx_word' id='word_1_211' title='bbox 443 2015 798 2058; x_wconf 89' lang='lat' dir='ltr'>quantumcunque</span> <span class='ocrx_word' id='word_1_212' title='bbox 823 2009 944 2046; x_wconf 89' lang='lat' dir='ltr'>habili</span> <span class='ocrx_word' id='word_1_213' title='bbox 969 2018 1010 2045; x_wconf 94' lang='lat' dir='ltr'>ut</span> <span class='ocrx_word' id='word_1_214' title='bbox 1032 2018 1316 2057; x_wconf 78' lang='lat' dir='ltr'>promoveatur</span> <span class='ocrx_word' id='word_1_215' title='bbox 1348 2011 1397 2046; x_wconf 86' lang='lat' dir='ltr'>ad</span> <span class='ocrx_word' id='word_1_216' title='bbox 1431 2011 1547 2047; x_wconf 88' lang='lat' dir='ltr'>benc-</span> 
     </span>
    </p>

    <p class='ocr_par' dir='ltr' id='par_1_4' title="bbox 180 2067 1548 2233">
     <span class='ocr_line' id='line_1_31' title="bbox 180 2067 1546 2116; baseline 0.001 -12"><span class='ocrx_word' id='word_1_217' title='bbox 180 2073 221 2105; x_wconf 83' lang='lat'>30</span> <span class='ocrx_word' id='word_1_218' title='bbox 238 2068 371 2104; x_wconf 88' lang='lat' dir='ltr'>ficium</span> <span class='ocrx_word' id='word_1_219' title='bbox 389 2067 715 2113; x_wconf 90' lang='lat' dir='ltr'>ecclesiasticum,</span> <span class='ocrx_word' id='word_1_220' title='bbox 733 2077 769 2104; x_wconf 93' lang='lat' dir='ltr'>et</span> <span class='ocrx_word' id='word_1_221' title='bbox 784 2080 854 2116; x_wconf 87' lang='lat' dir='ltr'>per</span> <span class='ocrx_word' id='word_1_222' title='bbox 870 2080 1116 2115; x_wconf 89' lang='lat' dir='ltr'>consequens</span> <span class='ocrx_word' id='word_1_223' title='bbox 1131 2067 1393 2116; x_wconf 88' lang='lat' dir='ltr'>superflueret</span> <span class='ocrx_word' id='word_1_224' title='bbox 1410 2081 1546 2115; x_wconf 86' lang='lat' dir='ltr'>ymmo</span> 
     </span>
     <span class='ocr_line' id='line_1_32' title="bbox 235 2125 1547 2174; baseline 0 -12"><span class='ocrx_word' id='word_1_225' title='bbox 235 2126 398 2162; x_wconf 73' lang='lat' dir='ltr'>viciaret</span> <span class='ocrx_word' id='word_1_226' title='bbox 442 2126 660 2162; x_wconf 91' lang='lat' dir='ltr'>secularem</span> <span class='ocrx_word' id='word_1_227' title='bbox 706 2134 963 2174; x_wconf 89' lang='lat' dir='ltr'>patronatum</span> <span class='ocrx_word' id='word_1_228' title='bbox 1017 2125 1224 2174; x_wconf 88' lang='lat' dir='ltr'>acquirere</span> <span class='ocrx_word' id='word_1_229' title='bbox 1276 2127 1336 2162; x_wconf 72' lang='lat' dir='ltr'>vel</span> <span class='ocrx_word' id='word_1_230' title='bbox 1389 2127 1547 2173; x_wconf 88' lang='lat' dir='ltr'>habere,</span> 
     </span>
     <span class='ocr_line' id='line_1_33' title="bbox 236 2183 1548 2233; baseline 0.002 -13"><span class='ocrx_word' id='word_1_231' title='bbox 236 2185 342 2232; x_wconf 90' lang='lat' dir='ltr'>quod</span> <span class='ocrx_word' id='word_1_232' title='bbox 375 2197 455 2220; x_wconf 88' lang='lat' dir='ltr'>non</span> <span class='ocrx_word' id='word_1_233' title='bbox 489 2184 624 2220; x_wconf 90' lang='lat' dir='ltr'>liceret</span> <span class='ocrx_word' id='word_1_234' title='bbox 657 2183 729 2220; x_wconf 87' lang='lat' dir='ltr'>sibi</span> <span class='ocrx_word' id='word_1_235' title='bbox 764 2184 937 2232; x_wconf 87' lang='lat' dir='ltr'>aliquem</span> <span class='ocrx_word' id='word_1_236' title='bbox 972 2193 1201 2232; x_wconf 87' lang='lat' dir='ltr'>presentare</span> <span class='ocrx_word' id='word_1_237' title='bbox 1235 2196 1280 2220; x_wconf 92' lang='lat' dir='ltr'>eo</span> <span class='ocrx_word' id='word_1_238' title='bbox 1314 2186 1420 2233; x_wconf 91' lang='lat' dir='ltr'>quod</span> <span class='ocrx_word' id='word_1_239' title='bbox 1455 2194 1548 2222; x_wconf 89' lang='lat' dir='ltr'>tunc</span> 
     </span>
    </p>
   </div>
   <div class='ocr_carea' id='block_1_3' title="bbox 305 2341 1548 2381">
    <p class='ocr_par' dir='ltr' id='par_1_5' title="bbox 305 2341 1548 2381">
     <span class='ocr_line' id='line_1_34' title="bbox 305 2341 1548 2381; baseline 0.002 -12"><span class='ocrx_word' id='word_1_240' title='bbox 305 2351 325 2370; x_wconf 85' lang='lat'>1.</span> <span class='ocrx_word' id='word_1_241' title='bbox 346 2350 466 2378; x_wconf 86' lang='lat' dir='ltr'>cunque</span> <span class='ocrx_word' id='word_1_242' title='bbox 486 2350 545 2370; x_wconf 87' lang='lat' dir='ltr'>om.</span> <span class='ocrx_word' id='word_1_243' title='bbox 567 2343 672 2380; x_wconf 84' lang='lat' dir='ltr'>ceteri,</span> <span class='ocrx_word' id='word_1_244' title='bbox 694 2343 755 2381; x_wconf 72' lang='lat' dir='ltr'>Qui</span> <span class='ocrx_word' id='word_1_245' title='bbox 777 2343 954 2370; x_wconf 81' lang='lat' dir='ltr'>sacerdotes</span> <span class='ocrx_word' id='word_1_246' title='bbox 965 2343 985 2370; x_wconf 90' lang='lat' dir='ltr'>i.</span> <span class='ocrx_word' id='word_1_247' title='bbox 1040 2341 1066 2370; x_wconf 87' lang='lat'>3.</span> <span class='ocrx_word' id='word_1_248' title='bbox 1090 2344 1144 2371; x_wconf 84' lang='lat' dir='ltr'>hec</span> <span class='ocrx_word' id='word_1_249' title='bbox 1163 2343 1190 2370; x_wconf 86' lang='grc' dir='ltr'>Ιι.</span> <span class='ocrx_word' id='word_1_250' title='bbox 1245 2352 1277 2378; x_wconf 84' lang='lat'>4.</span> <span class='ocrx_word' id='word_1_251' title='bbox 1298 2343 1548 2372; x_wconf 82' lang='lat' dir='ltr'>anathematizati</span> 
     </span>
    </p>
   </div>
   <div class='ocr_carea' id='block_1_4' title="bbox 235 2377 1550 2586">
    <p class='ocr_par' dir='ltr' id='par_1_6' title="bbox 235 2377 1550 2586">
     <span class='ocr_line' id='line_1_35' title="bbox 235 2377 1549 2414; baseline 0.002 -10"><span class='ocrx_word' id='word_1_252' title='bbox 235 2385 315 2406; x_wconf 81' lang='lat' dir='ltr'>corr.</span> <span class='ocrx_word' id='word_1_253' title='bbox 335 2385 373 2404; x_wconf 80' lang='lat' dir='ltr'>ex</span> <span class='ocrx_word' id='word_1_254' title='bbox 392 2378 554 2405; x_wconf 82' lang='lat' dir='ltr'>anatliema</span> <span class='ocrx_word' id='word_1_255' title='bbox 575 2386 604 2405; x_wconf 83' lang='lat' dir='ltr'>a.</span> <span class='ocrx_word' id='word_1_256' title='bbox 683 2377 708 2411; x_wconf 81' lang='lat'>5,</span> <span class='ocrx_word' id='word_1_257' title='bbox 731 2383 758 2404; x_wconf 81' lang='lat' dir='ltr'>n.</span> <span class='ocrx_word' id='word_1_258' title='bbox 782 2378 950 2413; x_wconf 88' lang='lat' dir='ltr'>Quomodo</span> <span class='ocrx_word' id='word_1_259' title='bbox 971 2393 1004 2398; x_wconf 89' lang='lat'>--</span> <span class='ocrx_word' id='word_1_260' title='bbox 1025 2383 1097 2405; x_wconf 84' lang='lat' dir='ltr'>sunt</span> <span class='ocrx_word' id='word_1_261' title='bbox 1116 2386 1173 2405; x_wconf 80' lang='lat' dir='ltr'>om.</span> <span class='ocrx_word' id='word_1_262' title='bbox 1195 2378 1215 2405; x_wconf 86' lang='lat' dir='ltr'>i.</span> <span class='ocrx_word' id='word_1_263' title='bbox 1288 2387 1315 2414; x_wconf 85' lang='lat'>7.</span> <span class='ocrx_word' id='word_1_264' title='bbox 1339 2379 1472 2414; x_wconf 82' lang='lat' dir='ltr'>populns</span> <span class='ocrx_word' id='word_1_265' title='bbox 1487 2387 1549 2414; x_wconf 77' lang='lat' dir='ltr'>pro</span> 
     </span>
     <span class='ocr_line' id='line_1_36' title="bbox 236 2412 1548 2449; baseline 0.002 -10"><span class='ocrx_word' id='word_1_266' title='bbox 236 2413 304 2447; x_wconf 83' lang='lat' dir='ltr'>plns</span> <span class='ocrx_word' id='word_1_267' title='bbox 337 2412 469 2449; x_wconf 68' lang='lat' dir='ltr'>bcdefg:</span> <span class='ocrx_word' id='word_1_268' title='bbox 506 2413 544 2440; x_wconf 83' lang='lat' dir='ltr'>ib.</span> <span class='ocrx_word' id='word_1_269' title='bbox 577 2413 759 2440; x_wconf 87' lang='lat' dir='ltr'>condeceret</span> <span class='ocrx_word' id='word_1_270' title='bbox 791 2414 811 2440; x_wconf 86' lang='lat' dir='ltr'>i.</span> <span class='ocrx_word' id='word_1_271' title='bbox 954 2414 981 2440; x_wconf 70' lang='lat'>8.</span> <span class='ocrx_word' id='word_1_272' title='bbox 1021 2413 1247 2447; x_wconf 82' lang='lat' dir='ltr'>benedicerent,</span> <span class='ocrx_word' id='word_1_273' title='bbox 1285 2413 1494 2441; x_wconf 79' lang='lat' dir='ltr'>ministrarem</span> <span class='ocrx_word' id='word_1_274' title='bbox 1529 2414 1548 2441; x_wconf 81' lang='grc' dir='ltr'>ι’.</span> 
     </span>
     <span class='ocr_line' id='line_1_37' title="bbox 235 2447 1550 2483; baseline 0.002 -10"><span class='ocrx_word' id='word_1_275' title='bbox 235 2456 263 2481; x_wconf 66' lang='grc' dir='ltr'>ς).</span> <span class='ocrx_word' id='word_1_276' title='bbox 285 2447 449 2474; x_wconf 79' lang='lat' dir='ltr'>consilinm</span> <span class='ocrx_word' id='word_1_277' title='bbox 472 2447 516 2474; x_wconf 80' lang='lat' dir='ltr'>ch.</span> <span class='ocrx_word' id='word_1_278' title='bbox 586 2455 623 2474; x_wconf 80' lang='lat'>12.</span> <span class='ocrx_word' id='word_1_279' title='bbox 645 2447 745 2482; x_wconf 85' lang='lat' dir='ltr'>inquit</span> <span class='ocrx_word' id='word_1_280' title='bbox 765 2455 823 2475; x_wconf 89' lang='lat' dir='ltr'>om.</span> <span class='ocrx_word' id='word_1_281' title='bbox 844 2448 948 2475; x_wconf 80' lang='lat' dir='ltr'>ceteri.</span> <span class='ocrx_word' id='word_1_282' title='bbox 1017 2456 1056 2483; x_wconf 82' lang='lat'>17.</span> <span class='ocrx_word' id='word_1_283' title='bbox 1078 2448 1186 2483; x_wconf 86' lang='lat' dir='ltr'>recipit</span> <span class='ocrx_word' id='word_1_284' title='bbox 1206 2450 1260 2480; x_wconf 79' lang='lat' dir='ltr'>el1‚·</span> <span class='ocrx_word' id='word_1_285' title='bbox 1280 2448 1388 2483; x_wconf 84' lang='lat' dir='ltr'>recipit</span> <span class='ocrx_word' id='word_1_286' title='bbox 1408 2457 1490 2475; x_wconf 86' lang='lat' dir='ltr'>corr.</span> <span class='ocrx_word' id='word_1_287' title='bbox 1512 2456 1550 2476; x_wconf 77' lang='lat' dir='ltr'>ex</span> 
     </span>
     <span class='ocr_line' id='line_1_38' title="bbox 236 2481 1548 2518; baseline 0.002 -10"><span class='ocrx_word' id='word_1_288' title='bbox 236 2482 363 2517; x_wconf 86' lang='lat' dir='ltr'>requirit</span> <span class='ocrx_word' id='word_1_289' title='bbox 382 2481 422 2511; x_wconf 85' lang='lat' dir='ltr'>d:</span> <span class='ocrx_word' id='word_1_290' title='bbox 442 2482 549 2518; x_wconf 86' lang='lat' dir='ltr'>recipit</span> <span class='ocrx_word' id='word_1_291' title='bbox 569 2482 672 2509; x_wconf 81' lang='lat' dir='ltr'>celeri.</span> <span class='ocrx_word' id='word_1_292' title='bbox 752 2489 791 2509; x_wconf 79' lang='lat'>21.</span> <span class='ocrx_word' id='word_1_293' title='bbox 813 2487 905 2517; x_wconf 78' lang='lat' dir='ltr'>unget</span> <span class='ocrx_word' id='word_1_294' title='bbox 926 2492 959 2515; x_wconf 67' lang='grc' dir='ltr'>ο,-</span> <span class='ocrx_word' id='word_1_295' title='bbox 979 2487 1075 2517; x_wconf 81' lang='lat' dir='ltr'>ungat</span> <span class='ocrx_word' id='word_1_296' title='bbox 1095 2483 1118 2513; x_wconf 71' lang='lat' dir='ltr'>i:</span> <span class='ocrx_word' id='word_1_297' title='bbox 1138 2487 1276 2517; x_wconf 79' lang='lat' dir='ltr'>vergeret</span> <span class='ocrx_word' id='word_1_298' title='bbox 1295 2483 1351 2514; x_wconf 63' lang='lat' dir='ltr'>elz:</span> <span class='ocrx_word' id='word_1_299' title='bbox 1370 2483 1548 2518; x_wconf 68' lang='lat' dir='ltr'>urgetur-j,-</span> 
     </span>
     <span class='ocr_line' id='line_1_39' title="bbox 236 2517 1550 2553; baseline 0.003 -11"><span class='ocrx_word' id='word_1_300' title='bbox 236 2521 361 2551; x_wconf 78' lang='lat' dir='ltr'>urgetnr</span> <span class='ocrx_word' id='word_1_301' title='bbox 381 2524 461 2543; x_wconf 84' lang='lat' dir='ltr'>corr.</span> <span class='ocrx_word' id='word_1_302' title='bbox 484 2518 515 2544; x_wconf 87' lang='lat' dir='ltr'>in</span> <span class='ocrx_word' id='word_1_303' title='bbox 537 2521 675 2552; x_wconf 79' lang='lat' dir='ltr'>vergeret</span> <span class='ocrx_word' id='word_1_304' title='bbox 695 2517 734 2547; x_wconf 71' lang='lat' dir='ltr'>d:</span> <span class='ocrx_word' id='word_1_305' title='bbox 760 2517 944 2553; x_wconf 83' lang='lat' dir='ltr'>vergeturf.</span> <span class='ocrx_word' id='word_1_306' title='bbox 1053 2525 1098 2544; x_wconf 85' lang='lat'>22.</span> <span class='ocrx_word' id='word_1_307' title='bbox 1119 2518 1170 2545; x_wconf 84' lang='lat' dir='ltr'>tali</span> <span class='ocrx_word' id='word_1_308' title='bbox 1191 2519 1209 2543; x_wconf 81' lang='grc' dir='ltr'>Ιι</span> <span class='ocrx_word' id='word_1_309' title='bbox 1228 2518 1336 2550; x_wconf 75' lang='lat' dir='ltr'>solum,</span> <span class='ocrx_word' id='word_1_310' title='bbox 1356 2518 1415 2545; x_wconf 86' lang='lat' dir='ltr'>tale</span> <span class='ocrx_word' id='word_1_311' title='bbox 1436 2519 1550 2549; x_wconf 80' lang='lat' dir='ltr'>ceteri,-</span> 
     </span>
     <span class='ocr_line' id='line_1_40' title="bbox 236 2551 1549 2586; baseline 0.002 -9"><span class='ocrx_word' id='word_1_312' title='bbox 236 2559 316 2586; x_wconf 83' lang='lat' dir='ltr'>opus</span> <span class='ocrx_word' id='word_1_313' title='bbox 335 2551 398 2583; x_wconf 74' lang='lat' dir='ltr'>cell,</span> <span class='ocrx_word' id='word_1_314' title='bbox 418 2554 447 2578; x_wconf 88' lang='lat' dir='ltr'>et</span> <span class='ocrx_word' id='word_1_315' title='bbox 462 2551 482 2578; x_wconf 84' lang='lat' dir='ltr'>d</span> <span class='ocrx_word' id='word_1_316' title='bbox 495 2559 576 2579; x_wconf 84' lang='lat' dir='ltr'>corr.</span> <span class='ocrx_word' id='word_1_317' title='bbox 598 2559 637 2579; x_wconf 82' lang='lat' dir='ltr'>ex</span> <span class='ocrx_word' id='word_1_318' title='bbox 656 2560 752 2583; x_wconf 77' lang='lat' dir='ltr'>onus:</span> <span class='ocrx_word' id='word_1_319' title='bbox 774 2560 853 2579; x_wconf 88' lang='lat' dir='ltr'>onus</span> <span class='ocrx_word' id='word_1_320' title='bbox 873 2552 976 2583; x_wconf 78' lang='lat' dir='ltr'>ceteri,</span> <span class='ocrx_word' id='word_1_321' title='bbox 998 2552 1156 2579; x_wconf 78' lang='lat' dir='ltr'>moraliter</span> <span class='ocrx_word' id='word_1_322' title='bbox 1182 2552 1243 2579; x_wconf 62' lang='grc' dir='ltr'>ἕνα».</span> <span class='ocrx_word' id='word_1_323' title='bbox 1311 2559 1356 2579; x_wconf 82' lang='lat'>22.</span> <span class='ocrx_word' id='word_1_324' title='bbox 1377 2553 1549 2580; x_wconf 83' lang='lat' dir='ltr'>mortaliter</span> 
     </span>
    </p>
   </div>
   <div class='ocr_carea' id='block_1_5' title="bbox 235 2586 1549 2794">
    <p class='ocr_par' dir='ltr' id='par_1_7' title="bbox 235 2586 1549 2794">
     <span class='ocr_line' id='line_1_41' title="bbox 236 2586 1547 2625; baseline 0.002 -13"><span class='ocrx_word' id='word_1_325' title='bbox 236 2590 264 2612; x_wconf 90' lang='lat' dir='ltr'>et</span> <span class='ocrx_word' id='word_1_326' title='bbox 284 2586 446 2620; x_wconf 84' lang='lat' dir='ltr'>quomodo</span> <span class='ocrx_word' id='word_1_327' title='bbox 466 2594 580 2625; x_wconf 80' lang='lat' dir='ltr'>corpus</span> <span class='ocrx_word' id='word_1_328' title='bbox 602 2586 719 2614; x_wconf 82' lang='lat' dir='ltr'>Christi</span> <span class='ocrx_word' id='word_1_329' title='bbox 741 2587 861 2614; x_wconf 81' lang='lat' dir='ltr'>tradere</span> <span class='ocrx_word' id='word_1_330' title='bbox 881 2588 926 2614; x_wconf 83' lang='lat' dir='ltr'>vel</span> <span class='ocrx_word' id='word_1_331' title='bbox 948 2587 1086 2625; x_wconf 78' lang='lat' dir='ltr'>accipere</span> <span class='ocrx_word' id='word_1_332' title='bbox 1108 2591 1239 2621; x_wconf 81' lang='lat' dir='ltr'>possunt</span> <span class='ocrx_word' id='word_1_333' title='bbox 1259 2590 1288 2614; x_wconf 87' lang='lat' dir='ltr'>et</span> <span class='ocrx_word' id='word_1_334' title='bbox 1307 2587 1506 2622; x_wconf 84' lang='lat' dir='ltr'>dispendium</span> <span class='ocrx_word' id='word_1_335' title='bbox 1528 2588 1547 2615; x_wconf 81' lang='lat' dir='ltr'>i.</span> 
     </span>
     <span class='ocr_line' id='line_1_42' title="bbox 236 2620 1548 2656; baseline 0.002 -9"><span class='ocrx_word' id='word_1_336' title='bbox 236 2620 280 2648; x_wconf 78' lang='lat'>25.</span> <span class='ocrx_word' id='word_1_337' title='bbox 300 2621 330 2647; x_wconf 81' lang='lat' dir='ltr'>in</span> <span class='ocrx_word' id='word_1_338' title='bbox 350 2623 434 2647; x_wconf 73' lang='lat' dir='ltr'>textu</span> <span class='ocrx_word' id='word_1_339' title='bbox 453 2621 557 2655; x_wconf 75' lang='lat' dir='ltr'>officii,</span> <span class='ocrx_word' id='word_1_340' title='bbox 577 2621 618 2648; x_wconf 79' lang='lat' dir='ltr'>al.</span> <span class='ocrx_word' id='word_1_341' title='bbox 639 2629 676 2648; x_wconf 86' lang='lat' dir='ltr'>m.</span> <span class='ocrx_word' id='word_1_342' title='bbox 699 2621 834 2656; x_wconf 76' lang='lat' dir='ltr'>suin-agii</span> <span class='ocrx_word' id='word_1_343' title='bbox 855 2629 884 2648; x_wconf 88' lang='grc' dir='ltr'>α.</span> <span class='ocrx_word' id='word_1_344' title='bbox 941 2622 986 2649; x_wconf 80' lang='lat'>28.</span> <span class='ocrx_word' id='word_1_345' title='bbox 1007 2622 1075 2649; x_wconf 84' lang='lat' dir='ltr'>licet</span> <span class='ocrx_word' id='word_1_346' title='bbox 1097 2622 1134 2651; x_wconf 82' lang='lat' dir='ltr'>d:</span> <span class='ocrx_word' id='word_1_347' title='bbox 1161 2622 1250 2649; x_wconf 83' lang='lat' dir='ltr'>liceat</span> <span class='ocrx_word' id='word_1_348' title='bbox 1269 2622 1289 2648; x_wconf 78' lang='grc' dir='ltr'>τ’.</span> <span class='ocrx_word' id='word_1_349' title='bbox 1345 2623 1391 2656; x_wconf 72' lang='lat'>28,</span> <span class='ocrx_word' id='word_1_350' title='bbox 1412 2629 1459 2651; x_wconf 79' lang='lat'>20.</span> <span class='ocrx_word' id='word_1_351' title='bbox 1482 2630 1548 2656; x_wconf 90' lang='lat' dir='ltr'>pre-</span> 
     </span>
     <span class='ocr_line' id='line_1_43' title="bbox 236 2654 1547 2692; baseline 0.002 -11"><span class='ocrx_word' id='word_1_352' title='bbox 236 2655 296 2682; x_wconf 83' lang='lat' dir='ltr'>cari</span> <span class='ocrx_word' id='word_1_353' title='bbox 316 2655 335 2681; x_wconf 89' lang='grc' dir='ltr'>Ιι</span> <span class='ocrx_word' id='word_1_354' title='bbox 353 2655 450 2682; x_wconf 82' lang='lat' dir='ltr'>solum</span> <span class='ocrx_word' id='word_1_355' title='bbox 471 2657 584 2691; x_wconf 87' lang='lat' dir='ltr'>(petere</span> <span class='ocrx_word' id='word_1_356' title='bbox 599 2655 627 2687; x_wconf 80' lang='lat' dir='ltr'>d,</span> <span class='ocrx_word' id='word_1_357' title='bbox 641 2664 698 2682; x_wconf 84' lang='lat' dir='ltr'>om.</span> <span class='ocrx_word' id='word_1_358' title='bbox 715 2658 840 2689; x_wconf 72' lang='lat' dir='ltr'>celem),-</span> <span class='ocrx_word' id='word_1_359' title='bbox 861 2657 1114 2691; x_wconf 83' lang='lat' dir='ltr'>qualitercunque</span> <span class='ocrx_word' id='word_1_360' title='bbox 1128 2656 1221 2692; x_wconf 71' lang='lat' dir='ltr'>bcfg,·</span> <span class='ocrx_word' id='word_1_361' title='bbox 1240 2656 1271 2683; x_wconf 86' lang='lat' dir='ltr'>in</span> <span class='ocrx_word' id='word_1_362' title='bbox 1284 2659 1368 2684; x_wconf 82' lang='lat' dir='ltr'>textu</span> <span class='ocrx_word' id='word_1_363' title='bbox 1388 2654 1547 2692; x_wconf 66' lang='lat' dir='ltr'>qualiter-c.</span> 
     </span>
     <span class='ocr_line' id='line_1_44' title="bbox 235 2689 1548 2727; baseline 0.001 -11"><span class='ocrx_word' id='word_1_364' title='bbox 235 2697 317 2718; x_wconf 83' lang='lat' dir='ltr'>corr.</span> <span class='ocrx_word' id='word_1_365' title='bbox 333 2689 363 2716; x_wconf 82' lang='lat' dir='ltr'>in</span> <span class='ocrx_word' id='word_1_366' title='bbox 379 2694 557 2724; x_wconf 82' lang='lat' dir='ltr'>quantumc.</span> <span class='ocrx_word' id='word_1_367' title='bbox 578 2689 616 2719; x_wconf 82' lang='lat' dir='ltr'>d:</span> <span class='ocrx_word' id='word_1_368' title='bbox 635 2690 746 2726; x_wconf 82' lang='lat' dir='ltr'>quaiic.</span> <span class='ocrx_word' id='word_1_369' title='bbox 767 2691 882 2721; x_wconf 78' lang='lat' dir='ltr'>ceteri:</span> <span class='ocrx_word' id='word_1_370' title='bbox 901 2691 938 2718; x_wconf 58' lang='lat' dir='ltr'>izv.</span> <span class='ocrx_word' id='word_1_371' title='bbox 961 2691 1068 2718; x_wconf 82' lang='lat' dir='ltr'>humili</span> <span class='ocrx_word' id='word_1_372' title='bbox 1086 2699 1146 2726; x_wconf 84' lang='lat' dir='ltr'>pro</span> <span class='ocrx_word' id='word_1_373' title='bbox 1168 2690 1260 2718; x_wconf 84' lang='lat' dir='ltr'>habili</span> <span class='ocrx_word' id='word_1_374' title='bbox 1280 2699 1309 2717; x_wconf 83' lang='lat' dir='ltr'>a.</span> <span class='ocrx_word' id='word_1_375' title='bbox 1382 2690 1421 2719; x_wconf 75' lang='lat'>31.</span> <span class='ocrx_word' id='word_1_376' title='bbox 1443 2696 1471 2719; x_wconf 86' lang='lat' dir='ltr'>et</span> <span class='ocrx_word' id='word_1_377' title='bbox 1487 2699 1548 2727; x_wconf 78' lang='lat' dir='ltr'>pro</span> 
     </span>
     <span class='ocr_line' id='line_1_45' title="bbox 235 2724 1549 2794; baseline 0.002 -44"><span class='ocrx_word' id='word_1_378' title='bbox 235 2725 416 2794; x_wconf 44' lang='lat' dir='ltr'>ylmmqlssgj,</span> <span class='ocrx_word' id='word_1_379' title='bbox 443 2729 472 2751; x_wconf 90' lang='lat' dir='ltr'>et</span> <span class='ocrx_word' id='word_1_380' title='bbox 498 2733 605 2760; x_wconf 78' lang='lat' dir='ltr'>ymmo</span> <span class='ocrx_word' id='word_1_381' title='bbox 634 2733 658 2758; x_wconf 81' lang='lat' dir='ltr'>c,</span> <span class='ocrx_word' id='word_1_382' title='bbox 684 2733 791 2761; x_wconf 69' lang='lat' dir='ltr'>ymmo</span> <span class='ocrx_word' id='word_1_383' title='bbox 816 2725 858 2752; x_wconf 82' lang='lat' dir='ltr'>al.</span> <span class='ocrx_word' id='word_1_384' title='bbox 885 2734 923 2752; x_wconf 87' lang='lat' dir='ltr'>m-</span> <span class='ocrx_word' id='word_1_385' title='bbox 950 2727 978 2753; x_wconf 72' lang='lat' dir='ltr'>d.</span> <span class='ocrx_word' id='word_1_386' title='bbox 1053 2724 1095 2753; x_wconf 82' lang='lat'>33.</span> <span class='ocrx_word' id='word_1_387' title='bbox 1121 2733 1180 2760; x_wconf 77' lang='lat' dir='ltr'>pro</span> <span class='ocrx_word' id='word_1_388' title='bbox 1207 2725 1307 2760; x_wconf 83' lang='lat' dir='ltr'>quod:</span> <span class='ocrx_word' id='word_1_389' title='bbox 1335 2726 1406 2761; x_wconf 83' lang='lat' dir='ltr'>quia</span> <span class='ocrx_word' id='word_1_390' title='bbox 1434 2727 1549 2757; x_wconf 76' lang='lat' dir='ltr'>ceteri,-</span> 
     </span>
     <span class='ocr_line' id='line_1_46' title="bbox 235 2767 1065 2794; baseline 0.002 -9"><span class='ocrx_word' id='word_1_391' title='bbox 235 2767 250 2785; x_wconf 89' lang='lat' dir='ltr'>a</span> <span class='ocrx_word' id='word_1_392' title='bbox 266 2767 327 2793; x_wconf 81' lang='lat' dir='ltr'>iqui</span> <span class='ocrx_word' id='word_1_393' title='bbox 411 2767 444 2794; x_wconf 73' lang='lat' dir='ltr'>g.</span> <span class='ocrx_word' id='word_1_394' title='bbox 1062 2769 1065 2772; x_wconf 93' lang='lat'>·</span> 
     </span>
    </p>
   </div>
   <div class='ocr_carea' id='block_1_6' title="bbox 241 2853 1545 2983">
    <p class='ocr_par' dir='ltr' id='par_1_8' title="bbox 241 2853 1545 2983">
     <span class='ocr_line' id='line_1_47' title="bbox 305 2853 1545 2897; baseline 0.003 -13"><span class='ocrx_word' id='word_1_395' title='bbox 305 2866 336 2896; x_wconf 67' lang='lat'>9.</span> <span class='ocrx_word' id='word_1_396' title='bbox 376 2853 571 2885; x_wconf 86' lang='lat' dir='ltr'>Concilium</span> <span class='ocrx_word' id='word_1_397' title='bbox 612 2855 837 2895; x_wconf 83' lang='lat' dir='ltr'>Laudicense,</span> <span class='ocrx_word' id='word_1_398' title='bbox 878 2856 960 2887; x_wconf 84' lang='lat' dir='ltr'>ibid.</span> <span class='ocrx_word' id='word_1_399' title='bbox 996 2857 1053 2889; x_wconf 61' lang='lat'>⁴381</span> <span class='ocrx_word' id='word_1_400' title='bbox 1093 2860 1136 2892; x_wconf 86' lang='lat' dir='ltr'>(c.</span> <span class='ocrx_word' id='word_1_401' title='bbox 1171 2854 1225 2893; x_wconf 64' lang='lat'>136,</span> <span class='ocrx_word' id='word_1_402' title='bbox 1266 2856 1303 2888; x_wconf 92' lang='lat' dir='ltr'>C.</span> <span class='ocrx_word' id='word_1_403' title='bbox 1342 2866 1368 2895; x_wconf 83' lang='lat'>1,</span> <span class='ocrx_word' id='word_1_404' title='bbox 1407 2866 1465 2897; x_wconf 91' lang='lat' dir='ltr'>qu.</span> <span class='ocrx_word' id='word_1_405' title='bbox 1505 2856 1545 2895; x_wconf 86' lang='lat'>1).</span> 
     </span>
     <span class='ocr_line' id='line_1_48' title="bbox 241 2900 1020 2944; baseline 0.003 -12"><span class='ocrx_word' id='word_1_406' title='bbox 241 2910 290 2932; x_wconf 80' lang='lat'>12.</span> <span class='ocrx_word' id='word_1_407' title='bbox 318 2900 461 2933; x_wconf 84' lang='lat' dir='ltr'>Malach.</span> <span class='ocrx_word' id='word_1_408' title='bbox 491 2910 519 2939; x_wconf 84' lang='lat'>2,</span> <span class='ocrx_word' id='word_1_409' title='bbox 549 2911 577 2934; x_wconf 84' lang='lat'>2.</span> <span class='ocrx_word' id='word_1_410' title='bbox 676 2911 728 2933; x_wconf 83' lang='lat'>20.</span> <span class='ocrx_word' id='word_1_411' title='bbox 756 2901 874 2934; x_wconf 83' lang='lat' dir='ltr'>Matth.</span> <span class='ocrx_word' id='word_1_412' title='bbox 899 2901 948 2939; x_wconf 72' lang='lat'>18,</span> <span class='ocrx_word' id='word_1_413' title='bbox 973 2913 1020 2944; x_wconf 84' lang='lat'>17-</span> 
     </span>
     <span class='ocr_line' id='line_1_49' title="bbox 1368 2961 1409 2983; baseline 0 -5"><span class='ocrx_word' id='word_1_414' title='bbox 1368 2961 1409 2983; x_wconf 42' lang='grc' dir='ltr'>’,ᾖ</span> 
     </span>
    </p>
   </div>
   <div class='ocr_carea' id='block_1_7' title="bbox 1793 280 1838 314">
    <p class='ocr_par' dir='ltr' id='par_1_9' title="bbox 1793 280 1838 314">
     <span class='ocr_line' id='line_1_50' title="bbox 1793 280 1838 314; baseline 0 0"><span class='ocrx_word' id='word_1_415' title='bbox 1793 280 1838 314; x_wconf 74' lang='lat'>19</span> 
     </span>
    </p>
   </div>
   <div class='ocr_carea' id='block_1_8' title="bbox 1569 1897 1834 2065">
    <p class='ocr_par' dir='ltr' id='par_1_10' title="bbox 1576 1897 1822 1926">
     <span class='ocr_line' id='line_1_51' title="bbox 1576 1897 1822 1926; baseline 0 -2"><span class='ocrx_word' id='word_1_416' title='bbox 1576 1897 1601 1924; x_wconf 87' lang='lat' dir='ltr'>It</span> <span class='ocrx_word' id='word_1_417' title='bbox 1622 1897 1646 1924; x_wconf 84' lang='lat' dir='ltr'>is</span> <span class='ocrx_word' id='word_1_418' title='bbox 1667 1898 1768 1925; x_wconf 81' lang='lat' dir='ltr'>lawsnl</span> <span class='ocrx_word' id='word_1_419' title='bbox 1791 1904 1822 1926; x_wconf 85' lang='lat' dir='ltr'>to</span> 
     </span>
    </p>

    <p class='ocr_par' dir='ltr' id='par_1_11' title="bbox 1575 1933 1826 1968">
     <span class='ocr_line' id='line_1_52' title="bbox 1575 1933 1826 1968; baseline 0.008 -9"><span class='ocrx_word' id='word_1_420' title='bbox 1575 1933 1627 1960; x_wconf 82' lang='lat' dir='ltr'>ask</span> <span class='ocrx_word' id='word_1_421' title='bbox 1650 1934 1826 1968; x_wconf 82' lang='lat' dir='ltr'>proniotion</span> 
     </span>
    </p>

    <p class='ocr_par' dir='ltr' id='par_1_12' title="bbox 1575 1968 1822 1995">
     <span class='ocr_line' id='line_1_53' title="bbox 1575 1968 1822 1995; baseline 0.004 -1"><span class='ocrx_word' id='word_1_422' title='bbox 1575 1968 1622 1994; x_wconf 79' lang='lat' dir='ltr'>for</span> <span class='ocrx_word' id='word_1_423' title='bbox 1642 1976 1700 1995; x_wconf 82' lang='lat' dir='ltr'>one</span> <span class='ocrx_word' id='word_1_424' title='bbox 1721 1969 1822 1995; x_wconf 78' lang='lat' dir='ltr'>whom</span> 
     </span>
    </p>

    <p class='ocr_par' dir='ltr' id='par_1_13' title="bbox 1569 2004 1834 2065">
     <span class='ocr_line' id='line_1_54' title="bbox 1569 2004 1834 2030; baseline 0.008 -2"><span class='ocrx_word' id='word_1_425' title='bbox 1569 2010 1614 2029; x_wconf 79' lang='lat' dir='ltr'>we</span> <span class='ocrx_word' id='word_1_426' title='bbox 1636 2004 1725 2030; x_wconf 69' lang='lat' dir='ltr'>ltnow</span> <span class='ocrx_word' id='word_1_427' title='bbox 1748 2008 1778 2030; x_wconf 85' lang='lat' dir='ltr'>to</span> <span class='ocrx_word' id='word_1_428' title='bbox 1800 2004 1834 2030; x_wconf 84' lang='lat' dir='ltr'>be</span> 
     </span>
     <span class='ocr_line' id='line_1_55' title="bbox 1682 2040 1721 2065; baseline -0.026 0"><span class='ocrx_word' id='word_1_429' title='bbox 1682 2040 1721 2065; x_wconf 77' lang='lat' dir='ltr'>iit.</span> 
     </span>
    </p>
   </div>
  </div>
 </body>
</html>
