2002 3359
293 271 380 300 cAr.
404 260 487 318 vir]
826 273 885 305 DE
912 272 1114 304 SIMONIA.
1858 261 1905 309 93

297 383 371 419 ista
416 379 653 429 symoniaca
700 393 768 428 per
812 392 963 429 paucos
1004 392 1131 416 annos
1168 378 1206 415 in
1246 391 1326 415 uno
1359 379 1526 415 seducto
1560 387 1617 415 est

297 439 545 485 continuata,
581 448 617 476 et
651 438 690 474 in
723 439 802 475 alio
845 438 1001 475 cautela
1033 437 1192 485 dyaboli
1227 436 1353 485 magis
1386 437 1619 484 symoniaca

298 507 335 535 et
368 499 532 535 demum
568 510 610 534 ex
643 497 729 545 lege
762 495 1075 545 proscripcionis
1110 495 1281 532 Luciferi
1327 503 1535 543 tamquam
1572 496 1619 532 de

297 558 382 605 lege
407 556 470 593 dei
494 555 711 592 iustissime
736 555 916 591 debitum
941 553 1173 599 vendicata3
1207 562 1388 590 statuunt
1411 553 1517 589 enim
1544 553 1620 590 sibi

266 617 371 664 fipro
404 616 489 663 lege
523 615 597 650 hoc
620 613 799 661 porisma
824 612 997 661 dyaboli,
1033 613 1141 661 quod
1164 611 1412 660 nequissima
1437 611 1620 659 symonia

300 686 342 710 ex
394 671 693 721 prescripcione
745 672 806 707 vel
859 670 1008 707 diutiva
1064 669 1363 707 conswetudine
1417 670 1619 707 contrahit

299 733 421 767 robur
453 730 563 778 legis,
598 742 644 766 ac
677 729 708 765 si
739 729 940 765 diceretur
965 729 1072 777 quod
1106 728 1273 777 antiqua
1308 728 1469 764 malicia
1494 728 1620 765 conti—

299 798 420 826 nuata
443 801 514 837 per
539 789 720 825 membra
744 787 904 835 dyaboli
935 786 1235 835 prescripcione
1268 787 1445 834 prevalet
1479 795 1619 823 contra

300 847 518 884 Christum.
554 848 667 883 Patet
700 845 776 882 ista
809 844 996 882 induccio
1029 857 1073 881 ex
1107 844 1417 893 particularibus
1447 844 1619 881 cronicis

247 918 284 938 10
300 915 336 942 et
370 918 413 942 ex
446 904 630 941 carencia
672 903 909 940 munimenti
944 902 1108 940 alterius
1141 904 1400 939 ostendenda.
1456 904 1532 939 Sed
1578 903 1618 939 in
1641 908 1912 971 clasiifftlgogeilsate

1822 953 1839 971 O

300 972 444 1012 quarto
477 962 590 1011 signo
623 963 872 1010 blasphemo,
919 974 1038 1010 super
1071 974 1150 1010 quo
1190 974 1269 997 non
1303 960 1472 1010 quiescit
1507 962 1616 1007 deus,
1640 982 1670 1005 to
1692 978 1728 1006 ἷιῃ
1751 978 1910 1014 benefices,

298 1021 483 1059 vendicat
527 1021 600 1057 sibi
645 1033 750 1069 papa
796 1019 1036 1057 collaciones
1088 1019 1270 1056 omnium
1331 1018 1616 1056 beneficiorum
1674 1014 1733 1041 and
1755 1013 1794 1040 its
1814 1014 1873 1041 evil

300 1079 466 1116 ecclesie
500 1091 542 1115 ex
588 1080 673 1127 lege
716 1078 950 1127 principalis
998 1077 1151 1114 domini
1198 1090 1317 1126 super
1363 1086 1448 1114 toto
1494 1077 1617 1126 patri·
1653 1056 1892 1084 consequencrs.

302 1137 437 1174 monio
471 1137 662 1183 crucifixi,
699 1145 736 1173 et
770 1136 862 1173 hinc
897 1135 1019 1173 currit
1052 1135 1357 1182 beneficiorum,
1392 1135 1613 1184 privilegio-

249 1197 403 1241 ifirum,
457 1196 604 1232 iurium
658 1204 696 1232 et
742 1194 1094 1243 dispensacionum
1148 1194 1357 1240 venalitas,
1411 1193 1466 1230 sic
1512 1195 1620 1243 quod

302 1254 504 1291 correccio
543 1253 659 1290 huius
691 1253 879 1290 facinoris
920 1262 1081 1301 superat
1115 1265 1276 1289 omnem
1311 1251 1619 1300 possibilitatem

303 1311 570 1349 correccionis
604 1313 791 1355 humane,
827 1320 990 1360 propter
1024 1313 1098 1347 hoc
1132 1312 1239 1360 quod
1273 1310 1382 1347 nervi
1416 1310 1620 1348 testiculo-

304 1384 391 1407 rum
426 1372 614 1407 beemoth
647 1379 737 1406 sunt
771 1383 792 1406 a
826 1371 900 1406 deo
931 1369 1119 1418 perplexi.

361 1428 456 1465 Tria
480 1437 614 1465 autem
638 1427 815 1465 remedia
839 1441 881 1464 ex
906 1427 968 1464 dei
997 1427 1131 1476 gracia
1156 1427 1402 1464 coniecturo.
1440 1427 1617 1463 Primum
1634 1434 1734 1462 Three
1757 1435 1908 1473 remedies

249 1498 289 1519 20
305 1488 411 1536 quod
429 1488 524 1523 deus
541 1486 706 1523 irradiet
724 1496 895 1523 mentem
914 1499 1029 1535 pape,
1056 1485 1223 1534 exempli
1241 1485 1376 1533 gracia
1393 1485 1617 1529 UrbaniVI‚
1665 1470 1882 1539 (Ξεὲῗξῧὲῗᾙξζ,

305 1546 411 1593 quod
451 1554 603 1582 attenta
642 1546 726 1593 lege
760 1544 893 1593 papali
934 1558 943 1580 1
992 1544 1201 1593 questione
1238 1545 1255 1580 3
1293 1543 1470 1592 capitulo
1510 1543 1618 1580 finali
1634 1539 1910 1602 1.nT]l;attlJePope

1703 1583 1739 1610 ‹y
1760 1578 1873 1602 reform

305 1612 544 1652 conquasset
576 1616 716 1640 omnes
756 1602 985 1639 huiusmodi
1019 1602 1243 1650 symonias;
1283 1603 1350 1638 sed
1384 1601 1483 1638 illud
1516 1602 1619 1638 foret
1666 1610 1750 1636 these
1771 1610 1874 1645 things

303 1661 557 1710 inopinatum
604 1671 641 1698 et
679 1661 904 1697 inmensum
953 1661 1205 1697 miraculum.
1260 1661 1352 1696 Ideo
1397 1644 1906 1707 secundumspiuntdteheffltssffgssd

302 1719 525 1756 remedium
560 1719 837 1768 probabilitati
871 1719 1140 1768 propinquius
1171 1728 1246 1755 est:
1281 1719 1389 1766 quod
1419 1718 1618 1755 seculares
1667 1715 1874 1777 Unssffg'ffJhe

246 1780 284 1812 25
302 1777 456 1815 domini
489 1777 696 1815 informati
730 1791 751 1814 a
775 1777 943 1814 domino
977 1777 1200 1814 resistendo
1235 1789 1337 1825 pape
1362 1776 1618 1813 concorditer
1646 1785 1763 1812 secular-
1785 1793 1890 1820 power

301 1837 491 1873 obturent
535 1836 821 1884 scaturiginem
874 1835 1055 1883 symonie
1100 1844 1136 1872 et
1183 1834 1344 1883 capiant
1390 1834 1429 1870 in
1475 1847 1617 1871 manus
1643 1820 1899 1882 shoulqhgesume

301 1907 392 1931 suas
443 1903 603 1943 patrum
650 1893 904 1939 elemosinas,
960 1906 1050 1930 cum
1096 1893 1240 1942 quibus
1285 1892 1508 1941 symoniaci
1561 1892 1616 1930 sic
1655 1890 1880 1917 endowments.

303 1962 545 1999 mercantur,
598 1953 691 2002 quia
734 1965 897 1989 necesse
942 1961 1000 1989 est
1047 1952 1179 2000 ignem
1229 1951 1390 1999 dyaboli
1436 1963 1616 1988 cremare

302 2010 502 2057 continue,
537 2011 734 2060 quamdiu
756 2012 902 2047 habeat
925 2010 1106 2047 fomitem
1133 2022 1251 2058 quem
1277 2011 1502 2046 comburat.
1538 2010 1616 2046 Sed

244 2072 285 2104 30
300 2068 458 2106 cecacio
491 2069 756 2118 yppocritica,
790 2069 1069 2105 confederacio
1102 2067 1296 2105 lucrativa
1329 2076 1366 2104 et
1394 2067 1616 2116 occupacio

299 2126 404 2164 circa
427 2127 649 2165 mundialia
672 2126 1020 2176 preponderancia
1036 2126 1188 2164 faciunt
1210 2126 1410 2163 seculares
1428 2125 1615 2163 dominos

367 2258 386 2277 1.
408 2254 453 2277 cst
474 2257 532 2277 om.
550 2250 653 2278 ceteri.
710 2257 734 2277 2.
750 2249 808 2277 alia
823 2251 868 2280 elz,
889 2249 948 2277 alio
963 2249 1067 2277 ceteri.
1125 2247 1149 2276 3.
1162 2257 1223 2284 pro
1238 2248 1391 2277 Luciferi:
1414 2249 1536 2286 dyaboli
1556 2257 1612 2284 ag.

298 2283 321 2318 3,
336 2293 365 2319 4.
387 2293 422 2311 ex
443 2285 507 2320 lege
517 2285 563 2320 si.
620 2294 648 2318 4.
670 2284 789 2312 iusticie
803 2285 841 2318 lz;
860 2284 1022 2312 vendicata
1036 2284 1087 2313 dh,
1106 2284 1229 2311 vendita
1243 2284 1347 2311 ceteri.
1403 2284 1426 2312 5.
1450 2284 1614 2319 potissima

296 2320 399 2352 ceteri,
427 2327 509 2347 corr.
531 2321 561 2347 in
584 2320 722 2355 porisma
742 2328 767 2347 e.
877 2320 904 2347 6.
934 2328 987 2355 pre
1013 2327 1070 2346 om.
1092 2327 1116 2351 c,
1142 2319 1183 2346 al.
1207 2328 1244 2346 m.
1265 2319 1294 2351 d,
1322 2318 1518 2354 scripturef,
1547 2327 1613 2354 pre-

298 2354 449 2390 scripture
462 2363 495 2389 g,
511 2362 593 2382 corr.
607 2355 637 2382 in
653 2354 883 2390 prescripcione
897 2362 935 2386 a‚·
952 2354 988 2381 ib.
1006 2354 1151 2382 diuturna
1165 2353 1269 2381 ceteri.
1326 2362 1352 2388 7.
1369 2353 1526 2389 antiquata
1541 2353 1612 2390 dfg,

303 2393 331 2415 ta
351 2390 471 2416 cancell
500 2397 530 2416 a.
622 2389 648 2417 8.
672 2389 874 2425 prescriptive
894 2390 998 2417 ceteri.
1085 2397 1112 2423 ς).
1135 2397 1171 2416 ex
1193 2388 1332 2424 partibus
1352 2388 1454 2425 bcefg.
1475 2397 1559 2416 corr.
1581 2390 1612 2416 in

296 2432 331 2450 ex
354 2424 492 2459 particul.
514 2424 565 2451 ad.
640 2432 680 2451 10.
703 2429 730 2451 ct
751 2432 800 2451 om
822 2423 878 2460 fg,
899 2424 940 2451 al.
961 2432 998 2451 m.
1020 2432 1060 2455 a,·
1079 2425 1117 2451 ib.
1139 2423 1332 2451 ostendendo
1351 2424 1456 2451 ceteri.
1527 2432 1558 2451 ιι.
1582 2424 1611 2451 iu

297 2458 416 2493 blasph.
437 2466 457 2486 α
479 2459 531 2492 (al.
554 2460 615 2492 m.),
637 2459 710 2486 bcei.
815 2466 852 2486 12.
882 2458 916 2486 si.
940 2468 987 2494 pa.
1008 2459 1053 2493 cli,
1076 2467 1124 2494 pa.
1147 2459 1181 2486 si.
1203 2458 1309 2485 ceteri.
1414 2467 1452 2493 ¹7⁷
1475 2458 1559 2485 nervi
1581 2460 1611 2486 in

296 2500 358 2519 ras.
380 2501 409 2523 a,
437 2493 467 2520 in
489 2493 537 2520 via
557 2493 634 2529 bfg5
663 2502 745 2521 corr.
767 2494 797 2521 in
820 2493 904 2521 nervi
924 2496 953 2520 Δ.
1052 2502 1090 2528 17,
1113 2493 1152 2521 18.
1174 2494 1315 2521 culorum
1336 2492 1367 2519 in
1390 2501 1452 2520 ras.
1475 2501 1506 2526 a,
1529 2494 1612 2520 testi-

296 2527 472 2555 moniorum
495 2528 580 2563 bqu.
689 2529 729 2556 18.
751 2528 913 2556 vehemoth
936 2536 962 2564 e,
984 2536 1068 2555 corr.
1091 2536 1129 2556 ex
1147 2528 1345 2555 vehementer
1365 2535 1394 2557 a,
1416 2529 1612 2555 vehementer

294 2562 408 2600 cederi,-
426 2562 464 2589 ib.
480 2563 616 2597 perplexi
637 2571 720 2590 corr.
737 2563 767 2590 in
781 2563 934 2598 complexi
950 2571 979 2595 a,
994 2564 1107 2597 compl.
1123 2570 1204 2592 corr.
1221 2564 1251 2590 in
1268 2563 1366 2598 perpl.
1382 2562 1412 2589 d.
1468 2570 1513 2590 20.
1536 2563 1611 2590 irra-

295 2599 359 2635 diat
378 2597 408 2629 i,·
434 2597 473 2624 ib.
496 2598 637 2632 papalem
659 2598 772 2630 ceteri;
798 2598 835 2625 ib.
858 2603 889 2625 ut
910 2597 1042 2633 exempli
1064 2599 1168 2625 ceteri.
1278 2605 1317 2625 21.
1341 2598 1385 2625 sic
1405 2598 1487 2632 quod
1509 2598 1609 2631 codd..

295 2639 338 2658 Sic
359 2632 486 2658 cancell.
509 2632 548 2663 lz‚·
573 2633 612 2659 ib.
633 2637 767 2660 attentus
788 2633 872 2669 baffg.
969 2640 1012 2660 22.
1034 2633 1163 2660 omnino
1184 2633 1288 2661 ceteri.
1384 2631 1429 2660 23.
1450 2632 1522 2660 Ideo
1543 2633 1608 2666 celz,

294 2666 339 2705 yel
356 2667 406 2702 hg,
420 2666 517 2702 om.f,
533 2670 560 2693 et
574 2667 678 2694 ceteri.
734 2674 781 2699 24.
799 2667 957 2702 probabile
973 2667 1143 2695 remedium
1158 2667 1264 2703 abceg.
1282 2666 1450 2702 principale
1466 2675 1541 2695 rem.
1555 2667 1611 2707 ds,-

294 2702 333 2727 th.
356 2705 401 2728 est
422 2709 511 2736 prop.
533 2702 636 2728 ceteri.
745 2702 786 2729 25.
808 2702 1012 2730 conformiter
1030 2710 1075 2738 ag
1192 2709 1239 2736 29.
1261 2702 1405 2729 continue
1425 2710 1483 2729 om.
1506 2702 1608 2738 bcesg‚

293 2736 334 2762 al.
356 2743 394 2762 m.
414 2743 454 2774 ᾳ,·
473 2736 511 2762 ib.
533 2744 605 2770 ergo
626 2735 774 2771 quamdiu
795 2737 894 2771 hedes.
968 2744 1016 2772 29,
1036 2736 1082 2764 30.
1104 2736 1228 2765 Scilicet
1248 2744 1309 2764 cec.
1330 2736 1394 2771 abs.
1468 2735 1514 2765 30.
1538 2733 1608 2764 c'on-

293 2769 447 2797 federacio
472 2770 527 2806 gli,
554 2778 636 2797 corr.
663 2771 694 2798 in
723 2771 937 2799 consideracio
962 2780 992 2805 a,
1022 2771 1141 2799 consid.
1172 2771 1276 2798 ceteri.
1367 2770 1406 2799 31.
1430 2779 1491 2806 pro
1512 2771 1607 2799 circa:

294 2804 352 2832 ista
378 2804 479 2840 Mefg,
507 2809 615 2832 contra
642 2805 669 2835 Ιι,
698 2810 804 2833 contra
833 2814 916 2834 corr.
944 2806 974 2833 in
1005 2806 1085 2833 circa
1114 2813 1152 2838 tz,·
1180 2806 1217 2833 ih.
1247 2806 1513 2841 preponderancia
1543 2807 1608 2838 celi,

295 2840 412 2874 populo
432 2839 469 2867 ad
492 2839 637 2867 beneficia
655 2840 721 2876 bfg,
740 2848 824 2868 corr.
846 2841 877 2868 in
898 2841 1164 2876 preponderancia
1183 2841 1234 2872 ad,
1255 2840 1513 2876 preponderanda
1534 2842 1553 2868 i.

369 2921 419 2953 17.
434 2911 524 2943 Tob.
541 2922 600 2952 40,
621 2922 651 2953 7.
736 2921 790 2944 21.
810 2912 913 2954 Corp.
932 2913 995 2944 iur.
1015 2922 1089 2944 can.
1107 2913 1131 2952 I,
1148 2911 1217 2953 418
1235 2913 1278 2954 (c.
1302 2912 1351 2952 15,
1372 2913 1410 2945 C.
1433 2922 1461 2952 1,
1481 2922 1539 2954 qu.
1559 2912 1605 2954 3).
