2002 3359
165 268 214 301 ‘30
888 274 1110 304 .1‹n{;xNle
1138 274 1321 304 wrcin'
1596 260 1700 317 [cmx
1722 271 1759 297 xv.

162 390 182 416 n
206 390 253 416 nie
276 393 432 422 pre->emec
453 390 590 428 raptus
623 380 682 416 sui
717 379 899 416 beneficii
933 380 1068 416 collati
1102 379 1216 415 alteri
1240 379 1415 416 ostendit
1439 382 1547 428 quod
1573 381 1760 417 mentalis

161 424 437 485 {l‘j'ffsslssssnp²1¹gglllf
453 438 638 475 condicio
673 447 730 474 est
764 437 940 474 adiecta:
986 446 1023 473 et
1056 437 1111 473 sic
1145 437 1437 485 multiplicatur
1470 447 1681 485 peccatum
1717 451 1760 474 ex

197 493 407 563 lsffiss'mfg'sstslff
452 496 646 545 gravitate
665 508 846 543 persone,
867 508 909 532 ex
928 495 1115 531 simulata
1134 495 1289 532 iusticia
1308 504 1344 531 et
1361 507 1403 531 ex
1419 495 1611 532 blasfema
1626 496 1760 532 vendi-

213 560 387 598 νῡιιιηιιιιχν.
452 554 618 590 cacione
663 553 873 601 potestatis
919 565 1107 590 concesse
1154 553 1259 590 Petri
1304 552 1467 589 vicario.
1522 556 1602 590 Nec
1647 555 1760 590 obest

453 613 559 660 quod
594 611 773 648 succedit
806 611 914 659 pacti
948 611 1142 647 reddicio.
1191 614 1292 648 Nam
1328 611 1431 654 Gesi,
1467 611 1534 659 qui
1568 611 1640 647 fuit
1673 617 1793 659 pre-5

453 670 594 718 cipuus
638 668 893 717 symoniacus
939 670 978 705 in
1022 669 1143 705 veteri
1184 678 1442 714 testamento,
1490 682 1571 705 non
1608 669 1760 717 pepigit

454 740 635 776 expresse
668 728 728 763 vel
761 727 881 763 tacite
915 740 1003 763 cum
1029 729 1212 764 Naaman
1246 737 1337 764 ante
1367 728 1517 763 donum
1550 727 1612 763 dei
1645 727 1760 775 spiri-

454 787 560 822 tuale
594 787 731 822 datum
766 798 836 833 per
861 785 1038 821 Elizeum
1073 795 1128 832 ut,
1164 794 1273 834 patet
1306 799 1344 831 4,
1380 788 1472 833 Reg.
1502 786 1535 831 5,
1568 786 1637 821 sed
1670 794 1761 833 post

455 844 567 880 dixit:
602 843 798 891 ‘Pepercit
824 843 1012 880 dominus
1043 856 1153 880 meus
1176 845 1359 880 Naaman
1384 843 1473 879 Siro
1507 843 1584 889 isti,
1615 852 1657 879 ut
1681 856 1761 879 non

454 902 654 950 acciperet
678 903 726 938 ab
752 914 797 937 eo
822 903 929 950 quod
953 901 1106 938 attulit:
1140 901 1233 938 vivit
1258 901 1458 946 dominus,
1484 901 1577 949 quia
1601 914 1759 937 curram
1783 916 1820 937 [ο

454 969 544 1007 post
568 972 657 995 eum
683 969 718 996 et
741 959 937 1008 accipiam
972 961 1020 996 ab
1055 972 1101 996 eo
1131 959 1310 1008 aliquid.'
1346 961 1447 995 Ecce
1471 961 1577 1007 quod
1602 959 1760 995 oblacio

454 1018 526 1054 fuit
561 1030 694 1062 causa,
729 1030 852 1065 quare
886 1017 976 1054 Gesi
1011 1017 1150 1053 habuit
1183 1017 1457 1065 symoniacam
1493 1017 1756 1054 voluntatem.

455 1077 531 1112 Sed
578 1088 682 1123 papa
727 1085 943 1124 antequam
990 1076 1171 1111 conferat
1216 1074 1470 1121 beneficium,
1512 1084 1619 1111 taxat
1664 1075 1760 1123 quid

454 1143 665 1182 promotus
688 1133 820 1169 reddit
852 1135 992 1170 saltem
1027 1133 1258 1169 indistincte
1282 1132 1629 1175 condicionaliter,
1664 1133 1694 1168 si
1719 1145 1762 1168 ex

454 1205 533 1228 una
567 1191 792 1228 collacione
815 1200 970 1228 tantum
997 1192 1153 1228 habeat.
1192 1192 1390 1236 Secundo,
1425 1190 1518 1227 licet
1543 1191 1631 1226 Gesi
1658 1190 1762 1226 iura-
1784 1195 1819 1226 ι’)

455 1258 591 1286 mento
631 1249 756 1298 priori
802 1249 982 1286 adiunxit
1028 1249 1299 1295 mendacium,
1348 1258 1485 1285 tamen
1523 1248 1647 1296 peciit
1691 1250 1762 1284 sub

455 1309 629 1355 quadam
678 1307 887 1353 modestia,
927 1317 1121 1356 quantum
1162 1309 1348 1343 Naaman
1381 1307 1499 1342 titulo
1546 1306 1762 1343 elemosine

454 1365 579 1402 voluit
602 1365 677 1401 sibi
702 1366 810 1402 dare.
845 1365 1057 1401 ‘Dominus
1092 1378 1216 1409 meus,
1251 1365 1394 1413 inquit,
1431 1364 1537 1400 misit
1562 1376 1624 1400 me
1652 1365 1701 1400 ad
1726 1373 1763 1400 te

456 1423 611 1460 dicens:
659 1425 780 1459 Modo
825 1433 1019 1460 venerunt
1064 1425 1112 1460 ad
1155 1437 1216 1459 me
1263 1424 1341 1458 duo
1394 1422 1670 1459 adolescentes
1716 1423 1764 1458 de

458 1490 594 1518 monte
628 1481 791 1518 Effraim
826 1494 867 1517 ex
902 1481 992 1518 filiis
1027 1482 1339 1530 prophetarum3
1374 1483 1423 1517 da
1458 1480 1534 1516 illis
1567 1481 1762 1516 talentum
1782 1495 1822 1516 20

457 1539 611 1587 argenti
636 1548 673 1576 et
693 1548 822 1576 vestes
846 1539 1086 1576 mutatorias
1110 1539 1318 1587 duplices.'
1355 1538 1539 1586 Dixitque
1563 1541 1763 1575 Naaman:

458 1597 613 1635 ‘Melius
648 1607 705 1634 est
745 1606 787 1633 ut
832 1597 1006 1645 accipias
1052 1599 1131 1633 duo
1176 1598 1346 1635 talenta:
1393 1606 1430 1632 et
1477 1596 1606 1644 coegit
1644 1596 1762 1632 eum.'

458 1658 565 1703 Papa
580 1665 727 1701 autem,
752 1655 784 1691 si
800 1655 887 1704 quis
904 1655 1021 1692 fuerit
1036 1655 1139 1701 talis,
1165 1655 1312 1691 dicitur
1328 1656 1475 1690 nedum
1493 1655 1765 1702 superaddere

458 1713 685 1749 iuramento
725 1726 798 1749 suo
839 1715 886 1749 de
925 1715 1100 1761 regendo
1141 1712 1351 1749 ecclesiam
1393 1712 1656 1749 conformiter
1689 1711 1764 1759 legi

457 1771 606 1808 Christi
638 1771 804 1819 simplex
839 1771 1110 1818 mendacium,
1144 1772 1211 1807 sed
1246 1771 1504 1807 blasfemum:
1540 1771 1587 1806 de
1615 1778 1765 1818 papatu
1783 1774 1822 1805 25

458 1838 494 1865 et
546 1829 786 1866 excellencia
840 1829 1045 1877 dignitatis
1091 1828 1277 1877 capiendi
1327 1827 1569 1876 temporalia
1620 1827 1765 1863 virtute

457 1887 734 1935 generacionis
780 1887 926 1923 Christi
976 1897 1011 1924 et
1060 1887 1178 1932 Petri,
1232 1886 1405 1934 qualiter
1451 1885 1632 1922 Christus
1685 1898 1766 1921 non

459 1954 591 1993 potest
624 1945 822 1993 accipere,
858 1954 894 1981 et
917 1958 996 1981 non
1031 1954 1239 1993 tamquam
1265 1944 1356 1980 Gesi
1388 1945 1477 1992 plus
1511 1956 1630 1991 quam
1666 1942 1765 1991 petit

460 2012 517 2039 est
551 2012 714 2040 coactus
748 2003 940 2051 recipere,
974 2004 1041 2039 sed
1076 2012 1285 2051 tamquam
1311 2001 1543 2038 demonium
1580 2000 1767 2037 meridia-

459 2074 553 2096 num
589 2061 695 2108 cogit
729 2061 897 2097 miseros
930 2070 1142 2110 promotos
1175 2061 1264 2109 plus
1299 2073 1417 2108 quam
1465 2060 1610 2096 vellent
1654 2058 1766 2095 inviti
1784 2060 1825 2093 30

457 2120 636 2156 reddere.

528 2296 547 2314 1.
575 2288 658 2315 dedit
673 2296 735 2324 pro
756 2288 891 2315 ostendit
911 2288 968 2323 [Ἲς-Γ,
990 2296 1071 2315 corr.
1093 2288 1122 2314 in
1145 2292 1201 2314 ost.
1223 2287 1261 2319 d‚·
1287 2287 1360 2314 dicit
1379 2287 1417 2319 cl,·
1443 2286 1560 2314 dederit
1578 2295 1610 2322 g,
1631 2294 1711 2312 corr.
1734 2285 1764 2312 in

457 2327 516 2349 ost.
536 2330 566 2349 α.
638 2321 663 2350 3.
686 2330 816 2357 persone
837 2323 854 2349 Ιι
874 2323 981 2356 solum,
1002 2330 1060 2350 om.
1082 2322 1186 2353 celeri,
1204 2322 1245 2349 al.
1262 2330 1298 2348 m.
1314 2329 1352 2349 ex
1371 2320 1505 2348 ostendit
1520 2328 1600 2348 corr.
1616 2321 1645 2352 d,
1665 2324 1766 2347 osten-

458 2356 501 2384 dit
516 2365 578 2392 pro
601 2365 730 2392 persone
750 2358 770 2384 i.
877 2356 902 2391 3,
923 2366 952 2390 4.
980 2365 1016 2384 ex
1036 2357 1123 2384 blasf.
1145 2356 1373 2384 vendicacionis
1394 2360 1541 2391 potestate
1567 2355 1668 2390 abfgn·
1693 2362 1765 2381 con-

458 2399 542 2419 cessa
561 2392 626 2424 abq.
708 2401 738 2426 4.
758 2392 847 2419 Petro
867 2400 897 2419 a.
988 2400 1013 2427 7.
1036 2396 1104 2418 ante
1124 2391 1240 2418 donum
1261 2390 1309 2417 dei
1330 2390 1379 2421 dlz,
1399 2394 1467 2417 ante
1488 2398 1545 2417 om.
1565 2390 1670 2423 ceteri,
1691 2389 1763 2416 don.

459 2426 533 2460 spir.
555 2426 615 2454 dat.
626 2426 660 2462 f,
680 2426 797 2454 donum
819 2427 903 2454 dedit
924 2427 1028 2453 ceteri.
1143 2433 1172 2454 ο.
1194 2424 1266 2453 Ciro
1286 2425 1314 2452 h.
1430 2432 1464 2452 11.
1484 2424 1535 2452 illo
1555 2424 1583 2456 lz,
1603 2433 1638 2451 eo
1659 2424 1763 2451 ceteri.

460 2461 495 2489 15.
518 2469 577 2488 una
598 2462 626 2492 lz,
649 2470 702 2488 sua
723 2461 825 2489 ceteri.
905 2468 944 2487 21.
966 2460 1082 2495 argenti
1104 2460 1167 2493 celi,
1190 2459 1254 2487 auri
1275 2460 1378 2486 celeri.
1461 2466 1506 2492 24.
1529 2459 1565 2486 ad
1589 2457 1765 2494 regendos,

458 2496 636 2531 derogando
656 2496 675 2527 i,
695 2497 766 2523 eccl.
788 2503 875 2522 suam
897 2495 937 2523 di.
1005 2495 1046 2522 25.
1063 2494 1223 2522 blasfemia
1242 2502 1307 2527 aeq,
1328 2494 1522 2521 blasfemiam
1534 2494 1577 2530 f,·
1596 2493 1632 2520 de
1653 2497 1765 2529 papatu

458 2531 562 2567 acqu,
583 2539 649 2558 esse
670 2531 835 2566 primatum
852 2531 881 2565 h,
902 2538 968 2557 esse
989 2534 1135 2565 papatum
1151 2529 1189 2562 bi,
1209 2529 1246 2555 de
1262 2529 1394 2563 primatu
1410 2536 1491 2556 corr⁴
1506 2536 1543 2555 ex
1558 2530 1594 2555 de
1609 2533 1721 2563 papatu
1737 2527 1765 2554 cl.

458 2566 504 2593 26.
526 2565 706 2592 excellencia
726 2566 754 2597 l1,
774 2573 855 2592 corr.
872 2572 909 2592 ex
927 2564 1181 2592 excellentissima
1194 2563 1223 2597 d,
1245 2563 1511 2596 excellentissima,
1539 2563 1697 2597 dignitatis
1718 2561 1766 2590 dh.

457 2600 607 2662 {lignitate
626 2601 732 2670 cetJ'J-i.
822 2599 867 2627 28.
889 2599 979 2635 peciit
1000 2599 1103 2626 ceteri.
1201 2606 1247 2633 29.
1270 2598 1403 2632 recipere
1424 2598 1486 2629 eelz,
1507 2598 1644 2632 accipere
1664 2596 1767 2624 celeri.

477 2643 494 2661 o
526 2639 619 2662 inmte
639 2643 675 2662 ac
695 2643 727 2670 g.

529 2752 561 2784 8.
595 2764 615 2794 4
646 2754 731 2795 Reg.
767 2754 796 2793 5,
829 2763 882 2784 20.
982 2752 1031 2783 18.
1065 2752 1111 2783 lb.
1147 2751 1176 2791 Ξ),
1211 2762 1263 2782 22.
1304 2752 1411 2782 Cuius
1444 2752 1521 2791 loci,
1553 2758 1589 2782 ut
1620 2751 1765 2790 videtur,

461 2800 621 2841 corrupti,
639 2809 780 2831 sensum
799 2798 892 2830 hunc
911 2808 986 2831 esse
1004 2805 1105 2840 puto:
1133 2798 1224 2839 Papa
1238 2820 1246 2829 .
1261 2820 1269 2828 .
1284 2821 1292 2829 .
1313 2798 1435 2828 dicitur
1452 2820 1460 2828 .
1479 2820 1486 2828 .
1506 2820 1514 2828 .
1533 2797 1766 2838 superaddere

461 2846 587 2876 nedum
624 2845 842 2876 mendacium
875 2844 1030 2887 simplex,
1062 2845 1121 2875 sed
1148 2843 1214 2874 hoc
1240 2844 1459 2875 mendacium
1490 2842 1696 2875 blasfemum
1725 2843 1766 2873 de

461 2899 602 2933 papatu:
631 2902 706 2923 esse
732 2891 951 2923 excellentiae
977 2900 1099 2932 capere
1124 2890 1327 2932 temporalia
1353 2896 1415 2921 etc.
