2002 3359
207 293 215 315 1
236 290 278 315 12
923 294 1146 326 *IOHANNIS
1177 295 1356 327 WYCLIF
1587 287 1692 340 [cmv.
1714 297 1796 324 vm.

487 400 703 444 Quomodo
737 412 883 446 corpus
917 400 1062 435 Christi
1097 402 1255 437 tradere
1289 403 1348 437 vel
1382 403 1565 451 accipere
1608 407 1795 452 possunt?

488 457 563 501 Qui
599 458 834 493 maledictus
868 466 925 493 est
964 458 1199 495 benedicere
1246 462 1452 507 quomodo
1497 463 1653 509 potcst.’
1701 465 1793 500 Ideo

489 524 528 550 ut
562 514 639 550 dixi
685 514 868 562 superius
914 528 957 551 ex
1004 516 1235 553 testimonio
1279 518 1472 554 Jeronimi
1519 528 1554 555 et
1600 522 1794 568 Gregorii,

487 572 719 609 benediccio
753 573 893 609 talium
929 583 985 609 est
1030 574 1184 611 nociva.
1231 575 1342 612 Sicut
1387 576 1491 612 enim
1540 578 1792 618 blasfemant,

215 636 323 676 'Th-ey
346 638 425 676 bles}
487 632 594 678 quod
657 631 839 667 Christus
892 632 1167 669 benedicendo
1221 646 1364 681 panem
1418 634 1548 682 ipsum
1603 638 1795 674 destruxit

213 673 454 742 {wenstfssfffgsssffig
486 688 643 736 penitus
676 690 726 725 ad
758 702 840 725 non
875 702 970 735 esse,
996 689 1051 726 sic
1076 691 1317 728 benedicunt
1341 693 1533 740 populum
1560 695 1608 730 ad
1634 707 1794 731 sensum

243 741 267 768 is
289 750 304 768 ³
325 751 423 769 curse.
486 746 697 793 ironicum,
739 748 814 783 hoc
855 757 911 784 est
945 749 994 784 ad
1028 761 1187 785 sensum
1221 751 1354 786 uxoris
1387 752 1459 787 Job
1484 753 1677 798 (secundo
1712 753 1795 789 eius

485 804 691 852 capitulo),
726 806 876 853 populo
910 806 1166 846 maledicunt.
1200 810 1246 844 Et
1279 808 1384 845 idern
1420 818 1476 845 est
1521 809 1711 846 iudicium
1747 813 1795 848 de

484 875 725 912 quocunque
777 877 882 912 papa
933 864 1164 912 symoniaco
1219 879 1298 914 quo
1348 872 1397 903 ad
1450 878 1610 904 omnem
1657 881 1794 906 conse-

485 921 711 957 cracionem
747 921 925 970 episcopi
963 923 1023 959 vel
1063 936 1181 959 omne
1220 937 1322 972 opus
1362 927 1468 973 quod
1509 934 1602 962 tunc
1642 927 1790 964 fecerit.

484 978 524 1015 si
558 991 651 1026 ergo
686 982 906 1016 secundum
942 981 1047 1028 leges
1081 989 1335 1030 satraparum
1383 983 1593 1020 deficiente
1638 986 1791 1032 prelato

483 1037 693 1084 superiori,
729 1050 818 1074 cum
853 1038 901 1074 sit
936 1038 1164 1075 essencialis
1197 1042 1297 1077 ordo
1331 1040 1435 1077 inter
1468 1041 1598 1089 ipsum
1634 1051 1670 1078 et
1703 1056 1791 1091 pre-

481 1095 606 1131 latum
640 1096 699 1131 vel
732 1097 983 1132 sacerdotem
1017 1097 1236 1145 subditum,
1284 1098 1579 1136 ministrantem
1628 1113 1791 1138 necesse

482 1162 538 1189 est
586 1166 742 1190 cassare
787 1154 963 1191 officium
1011 1155 1171 1202 subditi,
1236 1156 1354 1204 pauci
1400 1157 1460 1193 vel
1512 1158 1610 1193 nulli
1662 1159 1791 1195 forent

480 1211 704 1258 presbiteri,
751 1212 844 1260 quia
899 1212 954 1247 illi
1007 1213 1135 1250 forent
1189 1226 1258 1262 per
1310 1215 1485 1262 prelatos
1538 1216 1791 1264 symoniacos

480 1269 679 1316 procreati
715 1278 751 1306 et
782 1269 837 1306 sic
872 1270 1047 1318 perirent
1081 1271 1121 1307 in
1154 1272 1320 1309 ecclesia
1354 1274 1619 1310 sacerdotalia
1658 1287 1791 1312 sacra-

481 1336 627 1363 menta.
681 1330 762 1364 Nec
814 1329 916 1364 valet
971 1329 1131 1376 fingere,
1186 1332 1291 1378 quod
1345 1332 1441 1367 deus
1490 1340 1617 1368 mutat
1662 1333 1789 1380 legem

478 1385 732 1432 operacionis
765 1398 833 1422 sue
867 1388 915 1422 ad
950 1386 1203 1433 instanciam,
1251 1390 1299 1424 ad
1333 1389 1545 1425 deffectum
1585 1391 1644 1426 vel
1677 1404 1791 1438 roga-

480 1452 563 1478 tum
597 1443 685 1480 talis
718 1444 939 1480 sacerdocii
976 1445 1191 1493 maledicti,
1227 1446 1320 1494 quia
1344 1447 1469 1495 gratis
1502 1449 1569 1484 dat
1598 1448 1788 1496 graciam,

477 1514 558 1537 non
591 1515 663 1549 pro
687 1502 899 1549 temporali
933 1503 1057 1549 lucro,
1082 1505 1150 1539 sed
1174 1504 1374 1541 subtrahit
1398 1505 1553 1542 dicente
1575 1507 1788 1543 Ambrosio

477 1568 519 1595 ut
558 1559 748 1596 recitatur
781 1560 820 1596 in
854 1561 1024 1597 decretis
1073 1561 1139 1597 ubi
1187 1575 1326 1610 supra:
1377 1565 1492 1599 ‘Cum
1534 1564 1789 1601 ordinaretur

478 1616 703 1666 episcopus,
738 1620 845 1666 quod
879 1618 988 1655 dedit
1021 1632 1164 1656 aurum
1198 1620 1284 1667 fuit,
1319 1623 1425 1669 quod
1450 1622 1625 1669 perdidit
1654 1623 1788 1659 anima

478 1675 570 1720 fuit3
604 1688 693 1712 cum
729 1676 852 1712 alium
876 1676 1049 1723 ordinat,
1085 1680 1193 1725 quod
1217 1678 1371 1727 accepit
1395 1692 1536 1716 aurum
1561 1680 1645 1726 fuit,
1681 1683 1788 1729 quod

479 1733 587 1769 dedit
621 1734 730 1781 lepra
762 1734 862 1770 fuit]
903 1736 995 1771 Ideo
1030 1735 1211 1783 cogimur
1258 1749 1403 1784 negare
1448 1737 1629 1774 ordinem
1676 1739 1785 1775 illum

201 1794 306 1822 Christ
327 1796 453 1823 ordaius
481 1791 738 1828 essencialem
773 1791 875 1828 inter
920 1793 1094 1840 prelatos
1146 1803 1305 1830 nostros
1358 1804 1395 1831 et
1447 1808 1540 1832 suos
1593 1796 1786 1842 subditos,

188 1830 465 1893 whoffeaxrgidsthow
479 1863 572 1897 ymo
606 1849 881 1886 deficientibus
913 1850 989 1886 illis
1022 1860 1063 1887 ut
1097 1851 1202 1887 cifris
1237 1851 1418 1889 Christus
1451 1853 1611 1889 ordinat
1650 1867 1788 1902 quem-

479 1920 648 1956 cunque,
685 1909 1054 1957 quomodocunque
1088 1918 1125 1945 et
1157 1911 1482 1959 quandocunque
1514 1911 1694 1948 voiuerit.
1738 1914 1786 1948 Et

478 1965 569 2002 hinc
601 1965 727 2002 sciens
761 1978 916 2002 errores
950 1966 1038 2003 illos
1084 1967 1239 2003 futuros
1272 1968 1311 2004 in
1358 1969 1538 2016 ecclesia,
1584 1970 1785 2006 ordinavit

476 2024 680 2071 apostolos
714 2024 823 2060 suos
852 2024 1061 2073 episcopos
1107 2033 1289 2073 tempore
1336 2035 1373 2062 et
1416 2027 1546 2064 forma
1578 2027 1694 2064 nobis
1727 2028 1784 2063 in-

475 2081 657 2129 cognitis,
692 2090 733 2117 ut
757 2081 958 2119 discamus
980 2083 1041 2119 vel
1065 2083 1120 2119 sic
1144 2096 1225 2120 non
1247 2083 1366 2120 nimis
1391 2085 1587 2132 apreciari
1613 2086 1783 2134 solemp-

475 2139 618 2175 nitates
653 2152 751 2188 quas
790 2140 1067 2177 adinvenimus
1107 2142 1370 2178 sacramentis
1403 2156 1474 2179 nec
1515 2143 1631 2179 nimis
1671 2157 1783 2192 pom-

474 2210 568 2244 pare
615 2198 662 2234 de
716 2197 977 2245 dignitatibus
1031 2201 1250 2236 secundum
1297 2213 1395 2248 quas
1441 2213 1483 2237 ex
1528 2200 1783 2238 institucione

473 2256 647 2291 humana
668 2255 895 2292 excedimus
914 2257 1055 2293 fratres
1078 2266 1250 2293 nostros.
1271 2259 1472 2306 Sequatur
1488 2271 1580 2306 ergo
1595 2260 1782 2296 sacerdos

472 2312 675 2349 Christum
709 2313 750 2349 in
774 2313 952 2350 moribus
977 2323 1013 2350 et
1037 2327 1175 2351 secure
1208 2317 1255 2351 de
1287 2315 1375 2364 ipso
1408 2325 1538 2365 potest
1567 2317 1780 2362 confidere,

539 2477 557 2496 1.
581 2470 749 2504 Quomodo
774 2486 808 2490 —-
833 2475 964 2506 possunt
989 2479 1047 2497 om.
1063 2479 1096 2506 g.
1117 2471 1195 2499 Ante
1215 2480 1320 2507 quom.
1336 2480 1450 2507 corpus
1471 2472 1548 2500 llaec
1565 2476 1635 2500 sunl
1654 2474 1779 2508 omissa,

470 2512 550 2539 quae
565 2505 594 2531 1'71
611 2504 735 2532 decreto
751 2505 918 2540 leguntur:
937 2506 974 2533 Et
995 2513 1062 2533 cum
1085 2507 1114 2533 in
1138 2506 1252 2534 Christi
1274 2515 1404 2542 corpore
1425 2516 1484 2534 non
1507 2512 1587 2535 sunt.
1661 2507 1686 2535 3.
1700 2509 1781 2535 Jcre-

471 2539 529 2565 mic·
542 2539 587 2573 gi.
662 2540 989 2574 ‹3.pop111uml1.cm·r.
1002 2549 1039 2567 ex
1051 2542 1166 2575 populo
1178 2542 1207 2575 α’,
1222 2542 1336 2576 populo
1348 2543 1452 2571 celeri.
1469 2551 1541 2576 pop.
1559 2542 1679 2576 penitus
1695 2543 1778 2579 ahgi.

470 2581 496 2608 7,
518 2576 544 2599 S.
567 2582 627 2600 sec.
658 2582 682 2600 e.
714 2583 780 2609 cap.
811 2577 840 2609 h,
869 2576 909 2602 al.
943 2584 980 2602 m.
1011 2575 1039 2610 cl,
1070 2584 1129 2602 om.
1160 2577 1265 2603 ceteri.
1340 2585 1381 2609 14.
1410 2584 1529 2604 cessare
1554 2585 1583 2606 a.
1613 2578 1725 2605 cessari
1754 2586 1778 2605 c,

471 2617 510 2641 ιι,
541 2608 578 2635 15.
607 2610 706 2636 forent
732 2625 763 2628 —
792 2609 834 2637 illi
855 2609 981 2646 0m.sg.
1091 2611 1131 2637 16.
1161 2618 1222 2644 pro
1256 2611 1425 2638 sacerdot.:
1466 2613 1700 2639 sacramentalia
1720 2611 1779 2648 fg,

469 2643 586 2670 sacerd.
608 2644 648 2670 al.
669 2652 706 2670 m.
728 2644 778 2670 ad.
871 2645 900 2671 ιδ
932 2645 967 2672 ad
989 2645 1144 2672 iusticiam
1166 2645 1192 2671 l1.
1283 2653 1328 2672 20.
1351 2653 1410 2672 non
1432 2654 1490 2673 om.
1512 2646 1591 2682 aces.
1621 2647 1663 2684 al:
1683 2655 1719 2673 m.
1742 2648 1780 2678 d,-

468 2677 505 2704 e‘b.
527 2678 677 2705 abstrahit
698 2679 800 2706 ceteri.
873 2687 915 2706 22.
940 2679 1105 2714 perdiderit
1127 2680 1156 2706 Ιι.
1230 2688 1276 2713 21.
1299 2681 1339 2707 ill.
1363 2680 1430 2707 ord.
1452 2682 1555 2708 celeri.
1629 2687 1673 2708 20.
1694 2681 1778 2708 cifris

467 2710 571 2747 bcfglt.
593 2720 675 2740 corr.
696 2713 727 2740 in
749 2713 813 2740 cilis
832 2713 885 2746 ad,
907 2714 972 2741 cilis
992 2715 1013 2747 i,
1040 2714 1106 2741 cifri
1128 2722 1152 2741 c.
1260 2722 1304 2749 27.
1333 2715 1581 2751 quandocunque
1607 2715 1636 2750 Ιι,
1665 2724 1723 2743 οηι.
1745 2716 1777 2752 f,

468 2751 741 2782 quantumcunque
766 2756 848 2775 corr.
871 2756 908 2776 ex
933 2749 1089 2784 qualiterc.
1117 2756 1145 2780 α,
1178 2749 1218 2776 al.
1247 2758 1284 2775 m.
1311 2749 1340 2783 d,
1370 2755 1646 2785 quantumcunque
1672 2751 1775 2778 ceteri.

468 2782 512 2808 23.
534 2781 610 2808 istos
631 2790 750 2809 errores
770 2783 874 2810 ceteri.
985 2782 1033 2810 30.
1053 2784 1208 2818 apreciare
1228 2784 1293 2820 agi.
1405 2784 1451 2818 34.
1475 2789 1536 2819 pot.
1558 2784 1587 2812 d.
1609 2785 1651 2820 ip.
1673 2786 1776 2812 ceteri.

539 2874 569 2906 7.
594 2865 670 2896 Job.
699 2875 728 2905 2,
761 2875 810 2907 19.
920 2867 972 2900 23.
1000 2867 1103 2908 Corp.
1131 2867 1194 2899 iurn
1221 2876 1294 2898 can.
1323 2868 1421 2899 Decr.
1447 2878 1475 2899 c.
1499 2878 1548 2908 14,
1575 2868 1613 2900 C.
1641 2868 1662 2907 Ι,
1691 2878 1724 2910 q.
1751 2878 1776 2899 1.

469 2910 675 2952 (Friedberg
703 2912 723 2951 1,
752 2911 842 2954 359.)

1813 942 1850 962 10

1812 1223 1848 1254 15

1806 1802 1844 1832 25

1801 2090 1843 2120 30
