2002 3359
227 306 315 333 CAP.
338 297 380 351 L]
744 306 801 337 niz
831 305 1030 336 SiMoNJA.
1814 295 1830 329 5

227 414 393 452 ecclesia
438 414 615 461 precium
662 414 709 449 de
754 412 1000 461 inposicione
1042 424 1182 448 manus
1214 409 1430 458 accipiunt,
1476 423 1547 458 per

226 486 347 521 quam
371 471 555 508 videlicet
577 471 865 520 inposicionem
882 470 1044 519 spiritus
1068 478 1226 506 sanctus
1242 468 1380 505 celitus
1404 469 1545 504 datur?

226 532 424 568 Columba
457 543 549 578 ergo
582 529 777 575 venditur,
828 530 988 577 quando
1022 530 1170 564 donum
1217 526 1379 574 spiritus
1419 526 1544 563 sancti

226 591 275 626 ad
308 588 487 637 precium
528 590 727 636 prebetur.
774 588 850 623 Sed
891 588 1120 634 redemptor
1158 594 1293 621 noster
1333 585 1546 621 kathedras

193 646 487 684 5vendeneium
522 647 727 682 columbas
758 644 909 689 evertit,
944 644 1038 692 quia
1071 643 1210 680 talium
1245 642 1545 691 negociatorum

226 704 499 742 sacerdocium
554 703 733 740 destruit.
795 703 896 738 Hinc
950 711 1006 738 est
1060 703 1167 750 quod
1220 701 1321 737 sacri
1375 713 1546 737 canones

225 762 498 811 symoniacam
532 761 702 798 heresim
748 762 981 809 dampnant,
1029 760 1154 796 eciam
1200 772 1265 795 eos
1317 759 1546 795 sacerdocio

226 820 372 870 privari
397 819 649 868 precipiunt.'
685 821 732 855 Et
756 818 848 867 quia
873 827 1033 855 sanctus
1056 817 1168 854 scivit
1193 817 1338 853 multas
1362 816 1546 864 sophisti-

226 879 408 916 caciones
443 878 527 914 fieri
572 877 612 913 in
655 877 731 914 ista
776 877 943 913 materia
988 876 1121 913 statim
1156 875 1349 912 annectit:
1392 875 1546 911 ‘Veniet

172 937 403 986 ioprofecto
428 936 510 972 dies
534 935 614 981 illa,
648 948 721 971 nec
744 936 860 982 longe
894 944 963 979 est,
995 934 1035 970 in
1059 947 1137 982 qua
1171 942 1307 981 pastor
1338 942 1544 981 pastorum

225 1003 416 1043 appareat
432 1003 469 1031 et
484 993 797 1041 uniuscuiusque
820 994 923 1030 facta
940 993 978 1029 in
994 992 1198 1041 publicum
1216 993 1400 1037 deducat,
1426 1000 1462 1027 et
1478 991 1544 1039 qui

225 1055 344 1090 modo
369 1052 620 1089 subditorum
646 1052 805 1100 culpam
841 1064 909 1099 per
943 1050 1166 1099 prepositos
1200 1048 1418 1092 ulciscitur,
1453 1058 1546 1085 tunc

224 1111 519 1160 prepositorum
561 1111 666 1147 mala
706 1123 776 1158 per
815 1118 939 1145 semet
979 1109 1109 1157 ipsum
1151 1107 1303 1144 seviens
1336 1109 1544 1155 dampnat.

226 1171 340 1206 Unde
374 1169 572 1217 ingressus
605 1168 645 1204 in
679 1168 874 1216 templum
908 1181 978 1215 per
1019 1180 1058 1203 se
1103 1166 1216 1214 quasi
1261 1166 1463 1213 flagellum
1499 1167 1545 1201 de

172 1233 207 1264 15
224 1227 410 1264 funiculis
440 1227 532 1263 fecit
556 1235 592 1263 et
617 1228 663 1262 de
688 1228 808 1262 domo
839 1226 901 1262 dei
931 1238 1073 1274 pravos
1103 1224 1377 1272 negociatores
1401 1223 1546 1259 eiciens

225 1286 438 1322 kathedras
461 1284 725 1321 vendencium
751 1285 956 1321 columbas
989 1283 1142 1329 evertit,
1167 1282 1261 1331 quia
1294 1281 1545 1318 subditorum

225 1345 362 1392 culpas
386 1343 558 1392 percutit
581 1356 651 1391 per
674 1352 866 1391 pastores,
891 1343 957 1378 sed
983 1351 1189 1390 pastorum
1206 1340 1307 1377 vicia
1330 1353 1400 1389 per
1422 1349 1546 1376 semet

225 1403 355 1450 ipsum
402 1401 504 1438 ferit.
550 1403 650 1438 Nam
696 1401 760 1437 ille
807 1409 911 1437 certe
956 1400 1073 1436 iudex
1116 1408 1305 1435 venturus
1358 1407 1429 1445 est,
1484 1398 1545 1434 cui

225 1461 394 1497 tacendo
435 1460 604 1508 quisque
649 1473 728 1495 non
774 1468 903 1507 potest
943 1471 982 1494 se
1022 1459 1163 1503 celare,
1204 1470 1323 1505 quem
1363 1457 1546 1504 negando

168 1534 209 1555 20
224 1532 304 1555 non
328 1527 457 1566 potest
490 1518 652 1554 fallere*
689 1517 763 1554 Ubi
797 1517 862 1554 ille
896 1525 1056 1554 sanctus
1088 1516 1244 1553 videtur
1277 1515 1421 1561 dicere,
1456 1528 1546 1551 cum

225 1590 294 1625 per
317 1577 524 1613 columbas
547 1575 794 1624 significatur
818 1575 997 1621 ecclesia,
1022 1583 1064 1611 ut
1088 1576 1202 1611 Cant.
1231 1574 1289 1619 50,
1313 1574 1373 1610 vel
1397 1574 1546 1609 donum

223 1635 387 1683 spiritus
420 1634 560 1681 sancti,
607 1634 674 1682 qui
708 1633 748 1670 in
789 1634 974 1670 columba
1019 1632 1224 1681 apparuit:
1271 1631 1327 1668 illi
1371 1632 1548 1668 vendunt

223 1694 432 1730 columbas
456 1692 524 1741 qui
547 1694 723 1729 vendunt
747 1692 946 1738 ecclesias,
976 1692 1035 1728 vel
1059 1692 1208 1727 donum
1240 1690 1404 1738 aliquod
1434 1689 1548 1738 spiri-

223 1752 342 1788 tuale.
378 1754 425 1787 Et
449 1752 669 1787 secundum
695 1750 988 1787 Crisostomum
1022 1762 1067 1786 ac
1101 1749 1212 1785 illum
1247 1757 1429 1785 sanetum
1459 1747 1547 1784 illos
1579 1751 1706 1779 Secuiar
1726 1752 1811 1780 lords

167 1815 208 1847 25
224 1811 339 1846 debet
363 1809 544 1846 Christus
567 1818 609 1845 ut
634 1822 711 1855 reX‚
746 1818 782 1845 et
805 1808 871 1846 alii
896 1807 1048 1844 domini
1081 1808 1279 1844 seculares
1312 1806 1352 1843 in
1384 1806 1546 1843 nomine
1574 1787 1821 1858 dgssssufflmpounty,

224 1867 371 1904 summi
416 1867 518 1915 regis
564 1869 789 1912 destruere;
835 1876 871 1903 et
923 1866 1012 1902 ideo
1058 1865 1153 1902 dicit
1193 1867 1397 1902 decretum
1443 1877 1545 1913 pape

226 1925 374 1974 Pelagii
419 1939 485 1962 eos
530 1938 613 1962 esse
658 1927 706 1962 ab
740 1925 880 1961 exteris
932 1923 1197 1972 potestatibus
1242 1923 1545 1972 opprimendos,

225 1984 321 2021 dicit
354 1985 464 2032 glosa
497 1997 504 2020 1
535 1997 557 2020 a
589 1983 713 2029 laicis,
749 1983 816 2031 qui
851 1984 997 2019 habent
1030 1990 1270 2030 potestatem
1304 1983 1406 2018 hanc
1439 1990 1546 2017 extra

226 2042 320 2080 cleri
354 2041 577 2088 ecclesiam,
611 2050 653 2077 ut
676 2050 784 2089 patet
809 2040 1068 2077 distinccione
1090 2053 1135 2088 17
1160 2042 1241 2076 Nec
1273 2039 1399 2086 licuit,
1433 2048 1471 2075 et
1496 2040 1542 2075 23

169 2105 210 2137 30
226 2100 433 2150 questione
460 2101 495 2146 5,
528 2099 746 2147 Principes.
781 2102 829 2135 Et
861 2099 925 2135 hic
957 2099 1073 2147 plene
1106 2106 1228 2146 patet,
1263 2106 1305 2134 ut
1338 2110 1430 2146 sepe
1455 2097 1546 2143 dixi,

225 2160 332 2209 quod
363 2158 515 2195 domini
546 2158 786 2206 temporales
816 2165 981 2205 possunt
1003 2156 1109 2193 licite
1133 2157 1287 2193 auferre
1309 2155 1548 2204 temporalia

226 2219 275 2255 ab
308 2216 475 2254 ecclesia
509 2216 779 2264 delinquente.
819 2218 900 2252 Nec
931 2215 1035 2252 valet
1069 2214 1213 2261 dicere,
1248 2216 1356 2263 quod
1390 2223 1548 2263 oportet

226 2276 267 2313 in
298 2275 383 2312 istis
417 2274 582 2312 omnino
627 2282 833 2323 expectare
874 2275 1078 2310 decretum
1117 2272 1288 2310 Romani
1331 2272 1546 2322 pontificis,

293 2420 318 2439 2.
336 2410 452 2438 scilicet
466 2410 494 2437 Ιι.
551 2408 576 2437 3.
590 2417 660 2437 cum
676 2416 738 2445 pro
759 2408 885 2445 quando
906 2408 925 2436 ί.
982 2408 1006 2436 5.
1021 2416 1127 2443 negoc.
1149 2415 1207 2436 om.
1229 2408 1249 2435 i.
1306 2407 1334 2435 6.
1350 2408 1503 2435 destruxit
1522 2408 1536 2435 i

224 2455 252 2478 0.
274 2447 304 2474 in
325 2446 383 2474 ista
404 2445 531 2472 materia
547 2452 623 2480 pro:
647 2444 677 2472 in
700 2444 756 2471 hac
777 2448 862 2479 parte
882 2443 996 2476 ceteri,·
1016 2443 1053 2471 ib.
1077 2443 1211 2470 annectit
1227 2442 1314 2483 'aglu
1334 2443 1465 2470 advertit
1479 2443 1549 2478 cefff:

224 2479 350 2509 adducit
369 2480 409 2513 d,·
427 2479 539 2507 adiecit
558 2480 577 2506 i.
670 2487 704 2507 11.
724 2478 848 2514 publico
869 2478 973 2506 ceteri.
1067 2485 1104 2505 12.
1122 2485 1204 2505 nunc
1219 2486 1239 2505 z.
1332 2486 1373 2511 14.
1395 2478 1546 2513 templum

225 2516 330 2544 ceteri.
404 2523 443 2549 17.
460 2519 521 2542 met
541 2522 598 2542 om.
621 2514 640 2541 i.
716 2513 756 2541 18.
774 2518 852 2540 recte
867 2521 929 2549 pro
950 2517 1029 2540 certe
1049 2513 1078 2540 h.
1152 2520 1198 2540 20.
1211 2521 1273 2548 pro
1294 2512 1362 2540 ubi:
1385 2513 1463 2540 ultra
1478 2512 1546 2547 hcg,

224 2551 288 2578 vult
301 2550 394 2586 deflu-
413 2551 451 2578 ib.
472 2550 529 2577 iste
543 2549 648 2582 celeri,
670 2548 791 2576 videtur
812 2556 870 2575 om.
891 2548 978 2585 ceg‘h.
1070 2555 1114 2582 27.
1137 2548 1167 2574 in
1189 2550 1273 2575 textu
1293 2547 1429 2582 Pessagii,
1450 2548 1492 2574 al.
1508 2556 1545 2575 m.

226 2585 381 2613 Paschasii
403 2585 432 2613 d.
514 2591 561 2619 29.
589 2588 672 2619 patet
699 2584 716 2610 h
736 2583 856 2615 solum‚·
881 2583 918 2610 ib.
942 2587 973 2610 ut
990 2590 1051 2618 pro
1072 2590 1127 2610 nec
1147 2582 1160 2609 i
1241 2580 1286 2609 30.
1309 2582 1381 2609 hinc
1401 2581 1466 2617 bdf,
1487 2591 1545 2610 om.

225 2628 289 2656 ag;
308 2620 346 2647 ib.
368 2620 457 2655 plane
478 2619 581 2647 ceteri.
656 2617 694 2645 31.
717 2623 812 2653 temp.
837 2626 895 2645 om.
917 2618 937 2645 τ’.
1497 2629 1500 2632 <

295 2713 328 2745 4,
346 2713 366 2746 9
385 2709 418 2735 et
441 2713 490 2747 19.
510 2701 701 2744 Complura
718 2701 822 2733 verba
845 2702 976 2733 omissa
993 2701 1049 2733 vel
1075 2707 1206 2732 mutata
1230 2706 1321 2732 sunt.
1422 2711 1471 2742 17.
1492 2701 1545 2733 Cf.

226 2749 305 2783 Joh.
333 2750 370 2790 II,
402 2760 428 2789 1,
457 2759 487 2781 2.
584 2758 638 2780 22.
665 2748 763 2780 Cant.
791 2748 820 2788 5,
853 2758 902 2780 12.
1001 2747 1053 2780 28.
1081 2748 1267 2779 Decretum
1294 2747 1329 2778 in
1356 2747 1461 2789 Corp.
1483 2748 1546 2779 iur.
1582 2786 1586 2795 .

229 2807 302 2828 can.
322 2806 350 2828 c.
368 2805 401 2837 4.
420 2796 452 2827 d.
476 2806 514 2838 17
538 2795 602 2827 sub
629 2795 770 2826 nomine
797 2795 954 2837 Gregorii
982 2795 1135 2826 citatum.
1162 2793 1214 2825 Cf.
1234 2793 1466 2835 Friedberg1‚
1493 2793 1545 2834 51,

230 2843 268 2875 C.
295 2843 351 2874 IV.
377 2842 581 2874 Notationes
609 2841 704 2873 Corr.
801 2851 855 2885 29.
883 2841 989 2883 Corp.
1015 2841 1077 2872 iur.
1105 2850 1178 2872 can.
1205 2840 1227 2880 I,
1248 2839 1285 2872 51
1311 2839 1354 2881 (c.
1370 2849 1403 2880 4.
1424 2840 1457 2871 d.
1481 2840 1546 2881 17).

231 2889 355 2921 Glossa
379 2889 504 2931 legitur
528 2889 564 2920 in
589 2887 740 2919 editione
755 2887 857 2929 Corp,
878 2888 940 2919 iur.
960 2897 989 2920 a.
1010 2886 1107 2927 1506,
1134 2886 1156 2918 f.
1181 2883 1248 2918 15¹³.
1270 2886 1323 2925 30,
1352 2887 1405 2918 31.
1420 2885 1502 2917 ibid.
1522 2886 1544 2925 Ι,

229 2935 306 2979 936,
334 2936 377 2977 (c.
406 2945 457 2975 20,
486 2934 523 2966 C.
552 2935 604 2974 23,
631 2944 665 2976 q.
695 2933 740 2974 5).
781 2934 907 2966 Glossa
933 2933 955 2965 1.
982 2944 1011 2966 c.
1038 2934 1072 2965 in
1104 2939 1184 2964 nota
1216 2933 1373 2976 praeced.
1402 2931 1424 2964 f.
1453 2930 1545 2963 281b.
