2002 3359
225 271 397 329 CAP.111.]
736 285 795 317 DE
823 284 1023 316 stMoNJA.
1776 275 1824 322 37

281 394 355 430 Sed
390 402 528 430 contra
561 392 658 428 illud
692 391 889 440 arguitur:
922 390 1089 427 Videtur
1117 390 1224 438 quod
1252 390 1382 426 omnis
1406 399 1539 438 patro-
1569 397 1595 423 It
1615 397 1640 424 is
1661 399 1725 426 said
1747 400 1811 427 that

222 465 295 488 nus
319 453 433 488 debet
466 460 555 500 post
588 451 815 487 induratam
850 448 1150 486 communitatis
1182 448 1384 485 maliciam
1407 458 1541 497 patro·
1560 434 1826 505 llssg'dsfflesg‘fffflffg

223 520 360 547 natum
378 524 492 546 suum
510 511 737 551 dissolvere,
755 510 860 557 quod
879 517 934 544 est
952 507 1067 555 quasi
1085 515 1224 543 contra
1242 507 1369 555 legem
1389 520 1431 554 17
1445 520 1539 555 que·
1595 504 1644 530 the
1665 504 1790 531 church.

224 569 351 605 stione
385 582 423 614 4,
470 569 536 604 ubi
583 569 785 604 decretum
833 566 887 602 sic
933 565 1129 613 loquitur:
1176 566 1341 601 ‘Omnes
1375 565 1538 602 ecclesie

191 628 403 675 5rapt0res
435 636 555 675 atque
582 639 745 662 suarum
770 626 1003 661 facultatum
1028 623 1265 659 alienatores
1289 636 1311 659 a
1334 623 1538 659 liminibus

224 685 400 722 eiusdem
453 694 588 721 sancte
642 683 779 719 matris
839 681 1002 719 ecclesie
1061 681 1447 717 anathematisamus
1501 691 1537 718 et

224 743 444 791 apostolica
467 742 704 779 auctoritate
728 741 925 789 pellimus,
960 741 1241 787 dampnamt1S‚
1276 748 1395 788 atque
1418 739 1537 776 sacri-

223 803 329 849 legos
363 814 446 837 esse
470 800 716 841 iudicamus;
751 808 787 835 et
820 812 899 835 non
933 798 1061 834 solum
1096 810 1174 842 eos,
1209 798 1276 834 sed
1309 810 1448 834 omnes
1482 797 1536 833 eis

223 859 536 899 consencientes,
571 858 665 906 quia
710 870 789 894 non
823 858 949 893 solum
985 855 1052 904 qui
1086 855 1237 892 faciunt
1270 855 1324 891 rei
1358 855 1537 891 iudican-

170 929 208 950 10
223 927 300 959 tur,
321 918 388 953 sed
412 917 536 954 eciam
557 916 623 965 qui
648 915 910 952 consenciunt
933 914 1186 958 facientibus3
1211 927 1283 961 par
1307 913 1412 949 enim
1434 926 1537 961 pena

223 984 259 1012 et
282 984 444 1023 agentes
468 985 504 1012 et
527 974 826 1011 consencientes
850 971 1181 1021 comprehendit.'
1216 971 1291 1007 Hic
1315 971 1405 1008 dico
1429 973 1535 1020 quod
1568 981 1593 1008 It
1613 980 1714 1019 would
1738 981 1773 1007 be
1793 989 1809 1008 a

221 1034 316 1070 utile
358 1034 458 1070 foret
503 1043 539 1070 et
584 1032 851 1069 honorificum
898 1030 1060 1068 ecclesie
1106 1031 1250 1066 multas
1296 1029 1379 1066 eius
1424 1031 1536 1066 dota·
1560 1015 1821 1087 {giffpoffvetignffiatri'y

221 1092 354 1128 ciones
387 1091 614 1132 dissolvere,
648 1103 720 1127 nec
753 1090 792 1126 in
827 1091 901 1126 hoc
935 1088 1152 1126 destruitur
1184 1097 1433 1135 patronatus,
1469 1089 1535 1124 sed
1575 1093 1610 1112 en
1637 1090 1800 1113 owmcnts.

221 1149 454 1186 melioratur
486 1152 534 1186 ab
567 1148 788 1197 irreligiosa
820 1147 1032 1196 temporali
1077 1146 1299 1183 tradicione
1339 1147 1387 1182 ad
1421 1145 1535 1194 spiri-

168 1209 369 1244 15tualem
414 1217 672 1256 patronatum
718 1219 942 1244 conversus.
991 1206 1068 1242 Sed
1113 1204 1202 1241 felix
1248 1212 1285 1240 et
1331 1203 1535 1241 meritoria

219 1266 399 1314 patronis
443 1267 543 1303 foret
587 1265 676 1302 talis
711 1265 900 1310 mutacio,
946 1263 1041 1312 quia
1084 1276 1165 1299 non
1209 1262 1390 1304 dubium,
1437 1262 1533 1310 quin

221 1324 400 1360 Christus
433 1324 689 1373 omnipotens
723 1333 759 1360 et
792 1322 1033 1360 omnisciens
1073 1329 1110 1357 et
1148 1320 1396 1357 omnivolens
1430 1320 1535 1356 ordi-

220 1382 327 1419 navit
361 1392 397 1419 et
431 1383 580 1431 aptavit
611 1382 733 1419 vitam
767 1391 804 1418 et
836 1390 983 1418 statum
1017 1392 1161 1428 sponse
1199 1391 1267 1415 sue
1305 1387 1534 1426 competen-

220 1440 369 1477 ciorem
402 1454 475 1489 pro
508 1440 755 1478 beatitudine
779 1439 1038 1488 acquirenda,
1071 1438 1155 1486 ipse
1178 1445 1311 1473 autem
1335 1436 1535 1473 ordinavit

162 1499 422 1547 20apostolos
454 1512 650 1547 pauperes
683 1497 1015 1546 exproprietarios
1061 1495 1236 1544 dispargi
1281 1507 1352 1543 per
1396 1496 1534 1531 orbem

220 1566 257 1594 et
281 1557 540 1605 ewangelium
564 1556 784 1605 predicare,
819 1569 911 1604 ergo
933 1564 1058 1592 status
1087 1554 1176 1591 talis
1200 1552 1535 1601 exproprietarius

219 1616 320 1652 foret
373 1616 556 1663 apercior
608 1624 644 1651 et
697 1614 821 1651 alcior
864 1627 937 1662 pro
985 1612 1231 1650 beatitudine
1275 1611 1534 1660 acquirenda.

219 1676 267 1710 Et
281 1673 399 1710 istam
415 1673 660 1710 sentenciam
677 1685 815 1709 omnes
832 1672 974 1709 fratres
988 1672 1049 1708 vel
1065 1672 1292 1708 sacerdotes
1315 1669 1425 1707 scioli
1441 1682 1534 1706 con-

218 1740 427 1777 testantur,
462 1741 499 1768 et
522 1731 616 1768 dicit
640 1733 844 1768 decretum
868 1730 1022 1767 Nicolai
1046 1731 1094 1766 III
1118 1729 1158 1765 in
1181 1737 1302 1775 sexto,
1335 1728 1450 1764 Exiit
1473 1728 1537 1776 qui

162 1790 200 1823 25
217 1791 390 1826 seminat.
440 1791 540 1827 Cum
575 1803 668 1838 ergo
702 1789 882 1826 Christus
915 1802 996 1825 non
1029 1787 1166 1824 docuit
1203 1799 1295 1823 suos
1334 1786 1535 1835 apostolos

218 1848 392 1885 cariores
416 1861 498 1885 esse
522 1848 576 1885 sic
590 1847 877 1896 proprietarios
893 1848 952 1884 vel
967 1845 1232 1883 claustraliter
1255 1854 1533 1893 congregatos,

217 1906 373 1943 videtur
388 1908 495 1955 quod
510 1908 585 1944 hoc
600 1906 650 1943 sit
665 1907 714 1943 ad
728 1919 829 1942 onus
846 1915 882 1942 et
900 1907 1121 1953 dampnum
1138 1903 1313 1942 ecclesie.
1337 1905 1534 1939 Patronus

217 1965 353 2014 itaque
376 1965 443 2013 qui
467 1965 699 2002 dissolveret
722 1966 825 2000 hanc
854 1962 1218 2012 imperfeccionem,
1252 1971 1446 2010 tanquam
1471 1960 1534 1997 dei

218 2023 377 2059 adiutor
421 2032 458 2059 et
489 2036 570 2059 non
609 2022 784 2059 nominis
823 2022 882 2058 sui
920 2020 1116 2058 fallaciter
1153 2020 1301 2057 terreni
1347 2020 1535 2055 fundator

161 2082 202 2114 30
218 2082 388 2117 multum
404 2081 557 2118 iuvaret
572 2081 627 2118 sic
645 2081 915 2118 incarceratos
931 2089 968 2117 et
982 2078 1150 2116 terrenis
1166 2090 1389 2127 oppressos,
1413 2086 1449 2113 et
1464 2090 1534 2125 per

217 2152 464 2188 consequens
497 2148 623 2176 totam
659 2138 879 2176 ecclesiam.
914 2137 955 2175 Si
978 2137 1083 2174 enim
1107 2145 1214 2173 totus
1237 2137 1365 2173 clerus
1387 2135 1534 2172 viveret

217 2197 541 2246 exproprietarie‚
594 2197 696 2233 sicut
747 2196 839 2233 vixit
892 2209 935 2233 ex
987 2194 1248 2233 ordinacione
1293 2193 1440 2231 Christi
1492 2192 1533 2229 in

218 2255 384 2292 ecclesia
435 2255 651 2305 primitiva,
705 2255 789 2303 ipse
841 2255 942 2291 foret
991 2254 1031 2290 in
1082 2266 1122 2290 se
1172 2254 1222 2290 ad
1279 2251 1533 2289 sanctitatem

288 2458 307 2477 1.
329 2448 461 2476 obicitur
474 2456 537 2484 pro
558 2448 696 2483 arguitur
715 2455 769 2484 ag.
877 2455 902 2475 2.
923 2448 1101 2475 induratam
1122 2447 1196 2480 ceh;
1221 2447 1251 2473 in
1272 2449 1358 2474 textu
1378 2446 1534 2480 usitatam,

216 2485 257 2512 al.
272 2493 310 2511 m.
325 2484 500 2512 induratam
515 2483 544 2515 d,
565 2483 638 2518 poni
652 2482 796 2510 usitatam
807 2481 839 2520 f,
860 2482 1032 2510 incusatam
1048 2482 1153 2510 ceteri.
1208 2480 1234 2509 3.
1250 2481 1338 2516 quasi
1353 2489 1410 2508 om.
1427 2480 1532 2508 ceteri.

217 2519 244 2546 8.
265 2527 332 2546 esse
352 2526 410 2546 om.
432 2519 451 2550 τ’,
472 2518 523 2545 sed
546 2517 643 2545 eciam
667 2525 724 2545 om.
747 2517 776 2545 lz.
869 2526 902 2545 11.
923 2517 1069 2545 facientes
1084 2524 1146 2551 pro
1166 2521 1290 2551 agentes
1310 2516 1330 2542 i.
1423 2514 1460 2542 13,
1482 2515 1533 2542 de-

217 2558 334 2581 struere
354 2553 428 2580 alias
449 2553 619 2581 dissolvere
639 2553 664 2579 b.
741 2560 782 2585 14.
804 2552 959 2588 corporali
979 2552 1157 2579 tardacione
1172 2559 1234 2587 pro
1255 2550 1416 2586 temporali
1438 2550 1533 2577 tradi-

216 2588 305 2616 cione
325 2588 363 2621 Ιι,·
387 2588 408 2614 d
426 2587 457 2615 in
476 2591 560 2615 textu
581 2591 613 2614 ut
631 2587 734 2614 ceteri.
755 2587 798 2614 al.
819 2595 856 2614 m.
878 2590 911 2614 ut
930 2587 959 2614 Ιι.
1051 2586 1086 2614 15.
1109 2586 1267 2613 conversis
1288 2585 1316 2612 lz.
1408 2593 1451 2612 22.
1471 2592 1532 2620 pro

216 2622 372 2657 apercior:
400 2622 560 2658 accepcior
585 2630 616 2655 a,
639 2630 698 2657 pro
725 2621 836 2649 alcior:
864 2621 992 2649 eleccior
1018 2622 1132 2653 ceteri;
1156 2621 1177 2647 d
1201 2621 1232 2648 in
1258 2622 1343 2647 textu
1368 2622 1401 2647 ut
1426 2620 1532 2652 ceteri,

216 2658 257 2685 al.
279 2666 316 2684 m.
338 2660 370 2685 ut
389 2657 419 2684 lz.
497 2655 539 2684 23.
561 2656 670 2684 fratres
691 2657 755 2690 eelz,
777 2657 808 2684 in
828 2659 912 2684 textu
932 2656 1051 2691 fratres,
1072 2657 1114 2684 al.
1135 2664 1172 2682 m,
1195 2655 1325 2682 scientes
1344 2655 1383 2687 d,·
1401 2654 1533 2682 scientes

217 2692 332 2725 ceteri;
351 2691 526 2719 sacerdotes
547 2699 604 2719 om.
626 2691 741 2724 ceteri;
765 2691 804 2718 ih.
825 2695 978 2718 testantur
997 2691 1016 2718 ἰ.
1108 2698 1155 2725 24.
1177 2694 1204 2717 et
1224 2690 1288 2721 cell,
1308 2694 1340 2717 ut
1359 2690 1473 2719 ceteri:
1492 2689 1530 2716 ib.

218 2727 277 2754 exit
296 2734 326 2754 cz.
390 2726 434 2754 25.
457 2726 600 2754 Christus
619 2726 702 2759 bcelz,
722 2734 770 2753 om
790 2726 891 2754 ceteri.
957 2726 1004 2754 26.
1027 2729 1208 2761 aggregatos
1228 2732 1284 2760 ag.
1346 2731 1393 2759 29.
1415 2723 1532 2752 fallacis

218 2762 322 2790 ceteri.
396 2760 438 2789 33.
460 2761 497 2788 ad
519 2761 712 2788 sanctitatem
733 2761 752 2788 h
770 2761 869 2789 solum
878 2771 890 2795 ;
909 2761 945 2788 ad
968 2760 1087 2788 sanctit.
1109 2760 1150 2787 al.
1166 2768 1203 2787 m.
1225 2760 1254 2787 α’.

290 2870 320 2902 3.
346 2868 431 2899 Ibid.
458 2877 486 2899 c.
514 2867 543 2908 5,
571 2868 608 2899 C.
633 2878 682 2910 17,
710 2879 744 2910 q.
768 2879 806 2910 17
834 2869 872 2909 (Ι,
890 2867 962 2909 84).
1036 2877 1090 2908 24.
1117 2867 1209 2898 Sexti
1236 2867 1362 2898 decret.
1390 2865 1419 2905 5,
1444 2876 1493 2905 12,
1514 2866 1530 2898 3

219 2915 317 2956 (ibid.
344 2915 383 2954 ΙΙ,
413 2917 528 2957 1109).
797 2913 798 2919 ¹
