2002 3359
195 285 262 310 102

210 397 236 423 tf
254 397 274 423 it
295 398 319 423 is
342 397 436 430 urged

193 432 256 458 that
277 440 322 457 we
343 431 452 458 should

208 467 286 501 obey
306 467 394 493 those
415 466 442 492 in

209 501 375 535 authority,
398 509 441 526 we

197 544 317 562 answer
337 537 402 562 that
422 536 447 561 is

186 571 257 605 only
279 571 369 599 while
393 571 461 605 they

194 605 298 631 follow
317 606 367 631 the
389 613 454 631 way

256 640 290 665 os
309 640 389 666 God.

197 1262 265 1288 God
289 1263 342 1288 has
363 1263 450 1295 given

186 1305 220 1322 ns
241 1300 301 1323 tree
320 1297 379 1323 will
402 1298 461 1324 and

220 1331 377 1362 indement
397 1337 427 1358 to

221 1374 289 1392 care
310 1369 357 1393 tor
377 1375 434 1393 ont·

231 1409 299 1427 oxyn
323 1402 416 1427 ‹0111ss

273 1953 373 1980 XVhen

191 1989 386 2015 incuinbents
408 1990 454 2015 die

227 2024 347 2058 rapidly
368 2025 416 2050 the

186 2058 294 2091 Pope's
317 2059 461 2085 collector

213 2101 281 2127 may
301 2094 367 2119 take
386 2093 435 2120 tlte

191 2127 291 2154 whole
311 2127 453 2155 benefice.

922 283 1145 314 JOHANNIS
1171 282 1356 314 WYCLIF
1582 272 1686 325 [CAP.
1708 280 1789 308 VIII.

536 391 611 425 Ista
648 389 809 437 quidem
844 397 902 424 est
943 401 1063 425 causa
1097 389 1270 425 maxima
1310 397 1450 425 contra
1495 402 1615 437 quam
1663 389 1789 426 fidelis

478 449 594 482 debet
629 446 813 482 militare.
850 448 896 481 Et
930 446 960 481 si
994 446 1169 482 obicitur
1202 448 1309 496 quod
1344 448 1589 483 credendum
1624 456 1681 484 est
1714 448 1790 484 illis

478 514 519 540 ut
553 504 788 548 senioribus,
836 504 903 552 qui
936 505 1082 540 debent
1114 504 1354 552 potestative
1398 507 1594 553 populum
1640 517 1788 553 regere,

477 575 556 598 non
590 571 723 598 autern
768 562 932 609 privatis
978 562 1133 610 pusillis
1167 573 1203 599 et
1237 563 1393 611 ydyotis
1439 563 1505 611 qui
1550 564 1791 612 ignorabant

438 637 442 639 ·
478 620 690 667 dignitates
714 629 750 655 et
780 621 885 667 leges
919 621 1097 663 ecclesie,
1133 634 1273 658 omnes
1298 622 1435 657 fideles
1460 623 1604 658 debent
1629 623 1790 658 credere

477 679 583 724 quod
617 678 691 725 ipsi
725 679 954 714 deserentes
986 678 1090 714 viam
1126 680 1279 716 domini
1319 679 1491 716 faciliter
1524 687 1691 728 possunt
1725 681 1789 716 de-

477 735 607 775 ficere,
654 737 798 772 debent
844 736 1008 784 insuper
1055 737 1189 773 cuncti
1230 738 1366 774 fideles
1400 750 1642 785 cognoscere
1682 739 1789 787 quod

474 802 568 829 tunc
591 794 821 840 symoniace
846 802 1012 842 peccent
1034 803 1242 843 tamquam
1263 796 1409 832 summi
1433 796 1610 839 heretici,
1629 797 1790 845 quando

475 861 639 899 propter
672 853 827 888 lucrum
861 853 1086 899 temporale
1119 854 1291 890 exaltant
1323 854 1483 902 ydiotas
1522 867 1623 903 quos
1662 867 1790 903 popu-

475 910 534 945 lus
558 909 677 945 sentit
701 922 785 947 esse
809 910 969 958 ignaros
1001 911 1062 946 vel
1086 911 1241 948 desides
1265 912 1305 948 in
1333 911 1527 960 regimine
1560 913 1788 949 animarum

475 976 511 1003 et
534 968 658 1003 tercio
684 969 758 1004 hoc
783 976 945 1017 experto
970 970 1085 1005 debet
1109 978 1218 1006 totus
1242 971 1414 1018 populus
1438 978 1577 1006 contra
1610 972 1710 1007 tales
1733 969 1790 1006 in-

474 1038 647 1073 surgere,
681 1040 818 1074 ymmo
851 1025 1013 1073 ipsimet
1046 1029 1192 1064 debent
1215 1028 1419 1076 insurgere
1443 1027 1482 1063 in
1515 1040 1554 1064 se
1588 1028 1708 1076 ipsos.
1742 1030 1790 1063 Et

474 1093 614 1120 notum
651 1093 708 1120 est
742 1083 907 1121 ecclesie
940 1094 976 1120 et
1009 1086 1140 1133 regnis
1175 1086 1322 1131 multis,
1365 1087 1473 1135 quod
1497 1098 1602 1134 papa
1625 1095 1791 1134 propter

474 1143 594 1178 talem
628 1143 922 1191 prefeccionem
957 1143 1107 1191 colligit
1141 1144 1293 1192 primos
1326 1145 1499 1186 fructus;
1553 1153 1693 1181 notum
1734 1152 1790 1180 est

477 1200 531 1235 eis
564 1199 707 1237 iterum
743 1202 850 1249 quod
884 1209 1066 1247 pastores
1106 1193 1206 1250 quos
1250 1202 1464 1250 preficiunt
1508 1211 1693 1249 patenter
1726 1203 1791 1237 de-

478 1257 616 1294 ficiunt
649 1272 671 1295 a
705 1271 800 1294 cura
832 1257 1054 1306 spiritualis
1088 1260 1306 1308 regiminis.
1355 1262 1447 1296 Ideo
1482 1272 1572 1296 curn
1619 1261 1669 1296 ad
1714 1261 1789 1296 hoc

479 1317 574 1352 deus
604 1316 712 1353 dedit
746 1316 909 1355 cuilibet
942 1317 1168 1354 libertatem
1194 1318 1349 1355 arbitrii
1372 1327 1415 1354 ut
1449 1327 1560 1354 curet
1584 1320 1631 1354 de
1655 1317 1789 1354 anima

476 1386 559 1415 sua,
595 1375 706 1411 cuius
740 1374 1030 1412 discrecionem
1064 1385 1224 1425 satrape
1256 1378 1473 1412 obscurare
1505 1389 1587 1413 non
1609 1385 1788 1424 possunt,

476 1431 567 1468 licet
600 1433 638 1469 in
672 1442 785 1481 parte
830 1447 909 1481 quo
954 1435 1002 1468 ad
1049 1443 1301 1471 sacramenta
1346 1444 1532 1471 excecant
1577 1434 1787 1482 populum,

475 1490 565 1526 ideo
599 1492 818 1528 secundum
864 1492 1091 1528 libertatem
1137 1492 1293 1528 arbitrii
1339 1501 1429 1540 post
1473 1501 1676 1541 patentem
1718 1505 1788 1527 no-

474 1548 609 1584 ticiam
645 1558 751 1585 totus
785 1551 957 1598 populus
992 1551 1108 1586 debet
1142 1550 1344 1598 insurgere
1378 1559 1518 1587 contra
1549 1551 1663 1587 tales.
1698 1552 1787 1595 Lex,

474 1606 651 1654 inquam,
686 1608 842 1655 papalis
877 1607 971 1644 dicit
1002 1621 1011 1643 1
1043 1609 1253 1655 questione
1291 1609 1325 1649 3,
1369 1609 1411 1643 Si
1445 1609 1528 1658 quis
1555 1609 1789 1657 prebendas,

474 1673 515 1699 ut
549 1677 642 1712 sepe
675 1665 838 1712 repecii,
873 1667 979 1714 quod
1025 1678 1144 1702 nemo
1178 1668 1294 1703 debet
1329 1679 1569 1714 promovere
1605 1667 1666 1703 vel
1697 1679 1788 1714 pro-

475 1723 624 1758 moveri
675 1725 723 1758 ad
779 1724 1016 1760 beneficium
1063 1725 1123 1760 vel
1183 1724 1420 1772 dignitatem
1475 1724 1787 1760 ecclesiasticam

474 1790 640 1827 propter
686 1794 828 1816 munus
874 1783 1009 1818 datum
1058 1791 1149 1818 ante
1192 1783 1251 1818 vel
1297 1791 1399 1830 post,
1434 1783 1501 1818 sed
1543 1781 1678 1818 statim
1714 1782 1789 1818 hoc

477 1838 624 1874 faciens
657 1847 864 1886 tamquam
900 1840 1154 1886 symoniacus
1187 1849 1283 1876 nota
1329 1839 1493 1876 infamie
1526 1840 1788 1887 percellatur;

474 1898 695 1942 percellere
751 1905 883 1932 autem
942 1899 1161 1933 secundum
1215 1898 1458 1945 gramaticos
1504 1907 1560 1933 est
1605 1897 1789 1933 occidere

476 1953 673 1990 abiurare.
720 1954 881 1998 elidere,
915 1965 1124 2003 percutere
1146 1956 1205 1991 vel
1238 1965 1462 2002 amputare.
1497 1955 1599 1999 Quia
1628 1964 1669 1991 ut
1694 1955 1789 1991 dicit

476 2025 579 2059 papa
626 2012 664 2047 in
709 2015 847 2048 eadem
894 2014 992 2061 lege,
1040 2027 1121 2049 non
1165 2015 1350 2049 obstante
1403 2026 1642 2061 quacunque
1696 2026 1789 2050 con-

476 2070 693 2105 swetudine
728 2070 965 2106 beneficium
1013 2072 1130 2107 debet
1164 2071 1249 2107 dari
1285 2072 1407 2107 libere
1442 2073 1592 2120 absque
1616 2071 1821 2107 dminus

476 2127 601 2170 cione,
656 2128 849 2164 collector
893 2138 1025 2164 autem
1073 2129 1294 2177 primorum
1342 2130 1541 2166 fructuum
1593 2129 1789 2165 moriente

474 2185 731 2221 incumbente
776 2186 908 2234 primo
956 2200 1062 2223 anno
1116 2196 1152 2223 et
1185 2196 1386 2235 quotquot
1430 2187 1486 2223 sic
1531 2187 1788 2235 sequentibus

474 2243 562 2289 plus
595 2256 714 2291 quam
761 2243 948 2279 diminuit
993 2245 1165 2280 fructum
1212 2244 1395 2281 beneficii
1429 2244 1521 2292 quia
1553 2244 1789 2292 regulariter

475 2300 581 2348 capit
644 2310 788 2343 totum,
852 2302 910 2337 vel
976 2302 1097 2349 igitur
1160 2311 1320 2350 oportet
1377 2302 1598 2338 hereticare
1660 2303 1785 2350 legem

473 2357 590 2394 istam
624 2360 809 2406 papalem
845 2368 882 2395 et
916 2360 1033 2395 tidem
1080 2360 1278 2408 scripture
1324 2361 1383 2396 vel
1429 2359 1684 2396 concorditer
1731 2360 1788 2395 in—

543 2499 566 2518 2.
589 2493 713 2520 militari
735 2494 798 2527 egi.
906 2492 930 2520 3.
953 2494 1022 2520 deb.
1049 2494 1115 2527 cell,
1143 2495 1254 2521 habent
1281 2494 1394 2526 ceteri;
1425 2494 1462 2520 ili.
1491 2494 1673 2529 potestative
1699 2494 1786 2527 aceli,

474 2535 555 2553 corr.
577 2535 614 2554 ex
635 2532 817 2562 potestatem
839 2528 868 2562 d,
890 2532 1073 2563 potestaten]
1095 2530 1200 2556 ceteri.
1273 2539 1302 2560 4.
1320 2537 1380 2564 pro
1400 2529 1537 2564 ydyotis:
1560 2529 1629 2555 ideo
1649 2528 1716 2556 talis
1737 2537 1788 2559 ce‚·

474 2562 511 2587 ib.
534 2562 693 2596 ignorabat
720 2571 762 2589 ce.
872 2563 895 2590 5.
918 2564 989 2589 eccl.
1012 2563 1068 2597 leg.
1094 2564 1139 2598 gi.
1248 2571 1280 2590 11.
1307 2563 1408 2590 omnis
1437 2572 1508 2598 pop.
1537 2571 1566 2596 ιι,
1594 2568 1648 2590 tot.
1669 2571 1731 2590 om.
1753 2571 1788 2593 e,-

474 2597 513 2623 ilfi.
539 2598 612 2623 tales
639 2598 680 2623 al.
708 2605 745 2623 m.
770 2597 797 2623 Ιι.
906 2605 943 2624 12.
971 2605 1078 2629 vtnmo
1098 2614 1130 2616 —
1151 2598 1267 2632 insurg.
1295 2598 1335 2624 al.
1362 2606 1399 2624 m.
1427 2606 1466 2628 a:
1492 2598 1530 2624 ili.
1560 2606 1590 2624 se
1617 2598 1693 2633 ipsis
1722 2598 1785 2624 cde,

475 2639 500 2663 ¹-t
538 2632 626 2658 talem
647 2632 687 2658 al.
709 2640 745 2658 m.
766 2632 817 2664 ad,
837 2640 894 2658 om.
917 2629 993 2667 lyces.
1086 2632 1123 2665 15,
1146 2632 1186 2659 ιΓι.
1217 2637 1275 2666 pat.
1298 2632 1357 2659 def.
1378 2641 1435 2659 om.
1457 2640 1486 2659 α.
1580 2632 1619 2666 113,
1643 2640 1682 2667 17.
1711 2632 1786 2659 deus

475 2665 541 2692 ded.
558 2667 593 2693 ad
611 2667 667 2692 hoc
678 2675 711 2701 g,
725 2666 799 2693 dctis
812 2667 919 2693 adhoc
931 2666 1000 2693 ded.
1014 2667 1116 2693 ceteri.
1191 2675 1229 2701 17,
1242 2668 1281 2694 18.
1300 2668 1402 2694 anima
1415 2667 1479 2694 eius
1491 2665 1549 2702 bcff'.
1623 2666 1665 2700 23,
1679 2674 1726 2699 24.
1740 2667 1784 2693 vel

475 2701 649 2733 protnoxeri
671 2701 829 2728 cancellat.
851 2709 903 2734 ce,·
924 2702 1097 2736 promoveri
1121 2701 1164 2727 rel
1211 2709 1370 2728 romovere
1390 2702 1418 2728 Ιι.
1499 2709 1545 2729 20.
1575 2709 1654 2737 sym.
1674 2701 1719 2728 vel
1741 2701 1786 2727 in-

475 2735 564 2761 tumis
576 2734 620 2770 as,
639 2743 720 2762 corr.
736 2736 766 2761 in
783 2740 852 2762 nota
867 2736 921 2763 inf.
935 2745 967 2771 g.
1036 2743 1079 2769 27.
1096 2744 1183 2770 perce
1199 2736 1216 2762 1.
1232 2736 1355 2770 quidem
1372 2737 1477 2763 ceteri.
1545 2736 1590 2763 28.
1603 2736 1744 2763 abiurare
1755 2736 1784 2769 lz,

473 2769 597 2795 obviat-0
619 2770 720 2796 reteri.
793 2769 839 2802 34.
877 2770 1013 2797 causavit
1033 2775 1087 2797 tot.
1109 2771 1128 2797 i.

546 2850 598 2871 22.
626 2842 733 2882 Corp.
750 2842 812 2872 iur.
832 2852 905 2872 can.
925 2842 1022 2873 Decr.
1041 2852 1067 2872 c.
1094 2841 1148 2877 15;
1176 2842 1213 2872 C.
1238 2853 1263 2881 1,
1290 2853 1347 2884 qu.
1369 2843 1384 2875 3
1414 2843 1619 2884 (Friedberg
1645 2842 1667 2881 Ι,
1685 2841 1781 2882 418).

477 2897 527 2929 29.
556 2887 639 2918 Ibid.
666 2888 699 2917 in
726 2885 803 2919 fine.
901 2889 952 2920 32.
979 2888 1185 2919 lncumbens
1211 2888 1232 2919 i.
1252 2898 1281 2919 e.
1307 2899 1501 2930 possessor.

1807 622 1823 654 5

1810 921 1848 941 to

1812 1199 1846 1231 15

1806 1502 1847 1522 20

1807 1784 1845 1814 25

1805 2359 1844 2392 35
