2002 3359
213 734 279 761 The
302 735 371 768 king
392 735 416 761 is

187 770 286 795 luilllld
311 774 340 795 lo
363 769 450 795 resist

209 805 281 829 such
304 804 420 830 clamis.

181 1542 238 1570 &Vc
258 1542 367 1569 should
394 1546 446 1569 not

238 1578 326 1605 allow
347 1578 397 1604 the

264 1613 371 1648 pope's

204 1651 378 1683 prcsentees
399 1651 429 1673 to

245 1683 320 1709 have
340 1683 390 1709 the

196 1719 315 1744 income
336 1717 361 1743 if
377 1717 446 1752 they

196 1753 234 1780 do
256 1756 307 1779 not
329 1752 436 1779 reside⁴

893 275 1117 306 JOHANNIS
1142 274 1328 306 wvcmF
1598 263 1702 319 [cm.
1723 273 1773 300 ιιι,

468 379 664 423 ordinarey
706 388 741 416 et
780 379 1078 416 ordinacionem
1119 393 1229 416 suam
1270 380 1421 416 irritam
1462 381 1614 418 noverit
1654 390 1689 417 et
1728 383 1774 418 ad

468 437 745 474 verecundiam
766 438 823 473 sui
849 438 946 474 alios
970 438 1009 473 in
1033 450 1169 473 eorum
1196 438 1297 483 loco,
1324 451 1423 485 quos
1448 438 1521 486 ipsi
1547 440 1776 475 fundatores

468 495 686 543 condignos
711 495 913 543 elegerint,
938 495 1142 534 ordinaris
1168 497 1220 530 Ex
1240 508 1320 543 quo
1344 497 1503 532 decreto
1527 497 1777 533 sanctissimo

468 562 586 601 patet,
622 554 741 600 quod,
776 566 865 589 cum
891 555 1092 589 Romanus
1116 553 1324 601 episcopus
1347 553 1396 589 sit
1420 554 1629 602 episcopus
1652 555 1778 602 preci-

467 624 580 658 puus,
597 623 733 658 regum
754 620 1007 659 contemptus
1026 611 1075 647 sit
1098 610 1284 647 ordinare
1302 611 1341 646 in
1360 612 1490 659 regnis
1506 612 1585 648 suis
1603 613 1777 659 prelatos

467 668 674 714 inhabiles,
710 681 798 704 cum
825 669 981 705 exhinc
1015 669 1231 717 gignuntur
1265 671 1444 706 membra
1474 669 1634 716 diaboli,
1669 671 1774 718 quod

466 726 496 761 si
532 729 732 762 Romanus
767 727 975 774 episcopus
1010 735 1203 774 atemptet
1236 727 1429 774 preficere
1462 727 1501 763 in
1534 727 1664 775 regnis
1698 727 1777 763 suis

467 784 700 830 cardinales,
744 785 804 820 vel
837 785 934 821 alios
966 786 1140 832 prelatos
1174 797 1295 832 regno
1328 784 1501 831 inutiles,
1548 798 1685 833 regum
1721 794 1777 821 est

465 844 536 877 sub
570 855 671 890 pena
703 841 927 878 amissionis
960 842 1070 890 regni
1103 842 1247 878 terreni
1289 851 1325 878 et
1365 845 1436 878 sub
1468 845 1633 879 obtentu
1667 843 1775 891 regni

466 901 641 936 celorum
667 900 867 948 symonias
891 901 988 937 tales
1012 901 1238 946 dissolvere,
1257 909 1293 936 et
1309 909 1522 949 antequam
1539 909 1777 949 attemptent

465 958 650 994 invadere
690 970 812 1006 regna
845 967 989 1005 extera,
1030 959 1077 994 de
1110 958 1240 1005 regnis
1273 959 1444 1006 propriis
1477 972 1556 1007 quo
1590 961 1638 995 ad
1671 959 1775 995 istud

465 1016 685 1063 perieulum
711 1016 875 1064 provide
897 1016 1093 1052 ordinare.
1128 1017 1203 1052 Sed
1230 1017 1323 1052 heu!
1350 1016 1380 1052 si
1404 1029 1570 1065 regnum
1595 1026 1774 1053 nostrum

465 1074 696 1110 instinctum
739 1075 886 1110 bonum
921 1075 969 1110 ad
1004 1075 1141 1110 horam
1178 1087 1220 1110 ex
1253 1074 1394 1121 spiritu
1433 1084 1570 1111 sancto
1615 1088 1695 1123 quo
1728 1076 1774 1111 ad

466 1132 560 1167 illud
588 1132 784 1178 habuerit,
820 1141 856 1168 et
889 1132 1188 1168 ordinacionem
1224 1132 1503 1179 ewangelicam
1538 1134 1585 1169 ad
1620 1145 1776 1169 cassan-

466 1191 557 1226 dam
604 1191 704 1226 hanc
750 1190 919 1226 heresim
965 1190 1133 1226 discrete
1186 1190 1382 1235 statuerit,
1435 1190 1568 1227 statim
1622 1190 1776 1238 inpellit

466 1247 724 1284 antichristus
756 1260 826 1295 per
858 1249 1009 1296 pseudo
1033 1247 1196 1284 clericos
1220 1257 1375 1284 nostros
1399 1257 1441 1285 ut
1465 1248 1610 1284 dicitur
1633 1257 1669 1284 et
1693 1257 1772 1285 tam

465 1314 645 1342 sanctum
681 1305 929 1353 propositum
965 1305 1131 1354 dissipat
1164 1314 1200 1342 et
1233 1305 1421 1342 dissolvit.
1457 1308 1672 1351 Quomodo
1705 1306 1777 1342 ita-

466 1376 542 1411 que
566 1364 684 1400 stabit
707 1364 899 1411 regnum?
932 1366 1081 1400 Revera
1109 1364 1158 1400 ad
1183 1372 1430 1400 momentum
1455 1373 1585 1412 potest
1607 1364 1776 1401 volutari

467 1421 682 1469 prurigine,
716 1423 783 1457 sed
807 1434 966 1458 necesse
991 1430 1047 1458 est
1071 1434 1113 1458 ex
1137 1421 1214 1457 fide
1238 1421 1433 1470 scripture
1458 1423 1564 1470 quod
1597 1422 1637 1457 in
1670 1422 1775 1458 brevi

466 1488 508 1515 ut
541 1479 680 1516 Ninive
719 1480 778 1516 vel
818 1480 1079 1527 corporaliter
1116 1479 1175 1516 vel
1204 1479 1475 1527 -spiritualiter
1512 1482 1775 1516 subvertatur.
1822 1494 1827 1495 ⁷

525 1539 624 1574 Cum
671 1550 764 1585 ergo
809 1537 982 1585 provisio
1023 1537 1096 1573 ista
1138 1537 1292 1585 papalis
1331 1539 1379 1573 de
1418 1537 1621 1574 beneficiis
1666 1538 1775 1585 regni

466 1595 590 1631 nostri
623 1608 702 1631 non
744 1597 859 1632 habet
891 1597 1012 1631 robur
1049 1595 1123 1631 nisi
1157 1608 1199 1631 ex
1232 1595 1471 1643 accepcione
1509 1604 1645 1632 nostra
1684 1608 1775 1632 ceca

468 1662 587 1701 atque
626 1653 777 1699 illicita,
823 1662 983 1689 utamur
1022 1666 1101 1701 quo
1133 1654 1182 1689 ad
1217 1653 1426 1689 minimum
1468 1654 1623 1690 cautela
1666 1654 1775 1701 regni

469 1712 680 1747 Scotorum
715 1711 957 1747 subridendo
991 1711 1206 1747 dicentium
1243 1724 1314 1747 nos
1337 1711 1508 1758 audisse,
1543 1712 1649 1759 quod
1672 1725 1776 1759 papa

469 1769 636 1805 contulit
658 1769 738 1805 suis
761 1769 1028 1805 cardinalibus
1050 1768 1261 1816 pinguiora
1284 1768 1477 1805 beneficia
1499 1769 1608 1817 regni
1637 1769 1775 1815 nostri,
1796 1772 1830 1804 -,”

469 1827 534 1862 sed
570 1827 719 1863 fructus
752 1826 1035 1863 beneficiorum
1070 1826 1143 1862 nisi
1177 1826 1372 1862 voluerint
1404 1826 1505 1863 infra
1537 1840 1701 1874 regnum
1727 1828 1774 1863 ad

466 1884 548 1920 eius
565 1885 776 1921 utilitatem
795 1886 1117 1932 expende1·e,non
1133 1885 1345 1931 habebunt,
1357 1885 1430 1920 hoc
1447 1884 1549 1920 enim
1568 1893 1696 1933 potest
1712 1898 1775 1921 rex

466 1951 503 1978 et
526 1955 689 1990 regnum
716 1943 844 1979 facere
868 1952 904 1979 et
928 1944 1044 1978 debet
1067 1942 1260 1978 catholice
1284 1942 1380 1977 illud
1404 1942 1534 1990 primo
1557 1942 1775 1989 intendere,

466 2001 682 2036 secundum
708 2001 833 2048 legem
859 2000 1136 2048 ewangelicam
1164 2009 1199 2036 et
1216 2001 1403 2047 regalem.
1428 2002 1508 2036 Nec
1527 2000 1704 2037 timenda
1721 2009 1776 2036 est

468 2058 834 2095 excommunicacio
857 2067 924 2095 aut
948 2071 1115 2094 censura
1136 2058 1196 2094 vel
1220 2058 1454 2094 malediccio
1479 2067 1642 2106 propter
1665 2058 1774 2104 illud,

466 2117 532 2152 sed
567 2116 744 2152 timenda
776 2117 876 2152 foret
909 2116 990 2163 regi
1025 2125 1061 2152 et
1094 2128 1215 2164 regno
1247 2115 1475 2163 symoniace
1508 2116 1773 2152 hereticorum

468 2174 696 2210 benediceio
715 2187 815 2222 quos
838 2174 892 2210 sic
916 2174 1066 2212 foverit.
1091 2176 1191 2210 Nam
1216 2174 1432 2210 secundum
1457 2183 1614 2210 sanctos
1638 2186 1773 2210 eorum

469 2231 703 2268 malediccio
737 2232 836 2268 foret
868 2231 1098 2268 benediccio
1132 2244 1320 2268 converso
1345 2240 1381 2267 et
1405 2240 1579 2270 econtra.
1614 2234 1708 2268 Item
1735 2240 1776 2267 ut

466 2289 632 2336 pollitici
665 2289 787 2337 grossi
822 2289 1047 2337 percipiunt
1079 2289 1119 2325 in
1153 2289 1354 2326 beneficiis
1388 2289 1664 2326 ecclesiasticis
1687 2298 1777 2325 sunt

467 2348 557 2391 duo,
592 2347 742 2383 scilicet
773 2356 814 2383 ut
843 2347 1049 2395 spirituale
1083 2347 1345 2383 ministerium
1380 2360 1459 2395 quo
1493 2349 1538 2383 ad
1574 2349 1706 2392 deum,
1741 2356 1800 2384 et.

466 2404 746 2452 temporalium
772 2405 880 2452 regni
906 2404 1133 2441 adiacencia
1157 2418 1236 2452 quo
1260 2406 1307 2441 ad
1329 2406 1535 2451 mundum,
1560 2406 1627 2442 sed
1647 2405 1777 2453 primo

538 2523 557 2542 ι.
579 2519 605 2542 et
625 2515 726 2542 ordin.
748 2515 796 2546 (Νι,
822 2519 849 2542 et
869 2523 927 2542 om.
948 2516 1051 2543 ceteri.
1136 2523 1160 2542 2.
1182 2515 1289 2542 eodem
1311 2516 1414 2542 ceteri.
1495 2514 1520 2542 3.
1542 2516 1695 2550 elegerunt
1716 2523 1779 2549 apex·

468 2549 602 2576 ordinari
625 2558 707 2577 corr.
729 2558 766 2577 ex
784 2550 990 2577 ordinandum
1012 2558 1031 2577 a
1063 2549 1270 2577 ordinandum
1292 2558 1339 2586 cg.
1407 2559 1436 2583 11.
1459 2550 1539 2584 quod
1561 2558 1619 2576 om.
1641 2549 1778 2585 bdcjsgll:

468 2584 504 2610 ih.
521 2588 547 2610 et
564 2585 728 2619 precipuus
743 2585 871 2619 bcdeglz.
927 2585 950 2612 5.
967 2589 1162 2620 contemptus
1176 2586 1219 2613 0¹1,
1236 2589 1397 2611 contentus
1411 2585 1524 2615 celeris
1543 2585 1580 2611 ib.
1597 2584 1661 2611 suis
1676 2593 1733 2611 om.
1748 2585 1776 2610 Ιι.

468 2619 495 2645 «3.
519 2618 588 2645 binc
608 2619 652 2652 cll,
675 2619 733 2646 hiis
752 2619 857 2646 celeri.
942 2618 979 2646 13.
1001 2619 1174 2646 institutum
1196 2619 1236 2646 al.
1257 2627 1294 2645 m.
1316 2619 1344 2645 lz.
1430 2627 1469 2645 10.
1490 2627 1547 2653 pro
1570 2627 1622 2653 per
1642 2619 1775 2653 pst-udo:

469 2654 690 2692 perstrependo
710 2655 824 2685 ceteris
843 2654 873 2680 in
894 2656 977 2680 lexlu
998 2657 1030 2680 ul
1048 2653 1152 2687 ceteri,
1173 2654 1214 2680 al.
1235 2662 1272 2680 m.
1295 2656 1328 2680 ut
1345 2653 1382 2680 lz:
1401 2653 1439 2683 d:
1458 2653 1494 2680 ih,
1511 2653 1622 2680 dicitur
1642 2654 1698 2680 sibi
1714 2658 1741 2680 et
1756 2653 1775 2680 i.

470 2695 509 2721 ¹7-
531 2687 640 2722 desmit
659 2696 718 2723 pro
738 2688 812 2715 dissi
826 2693 870 2715 wat
890 2689 910 2715 i.
1005 2687 1048 2715 2'3.
1071 2696 1132 2723 quo
1152 2695 1210 2715 om.
1232 2689 1336 2715 ceteri.
1433 2696 1446 2714 2
1460 2697 1478 2721 ι.
1500 2687 1650 2715 dicentem
1672 2688 1774 2715 ceteri.

468 2729 482 2747 2
497 2722 514 2748 5.
536 2722 650 2749 fractus
670 2722 689 2749 ι’.
746 2722 790 2749 28.
835 2723 899 2749 ebet
920 2731 977 2750 om,
997 2723 1067 2755 abi;
1086 2723 1125 2749 ih.
1148 2722 1248 2756 primo
1268 2730 1325 2748 om.
1341 2730 1366 2755 c,
1382 2723 1422 2749 al.
1438 2731 1474 2750 m.
1490 2724 1517 2750 Ιι.
1572 2721 1614 2750 33.
1636 2722 1775 2749 conversi

469 2756 572 2782 celeri.
645 2755 675 2784 35
698 2756 759 2784 736.
781 2757 895 2784 scilicet
915 2765 972 2784 om.
994 2757 1106 2789 cete1·1',·
1127 2757 1164 2784 ih.
1181 2757 1281 2796 quoad
1298 2765 1401 2796 usque,
1423 2756 1660 2784 315.;1diace11cia
1674 2764 1732 2784 om.
1750 2757 1775 2783 li.

469 2788 514 2816 3‹›.
535 2790 565 2817 in
585 2793 668 2818 [ολ-[ιι
690 2791 823 2826 primum
845 2792 885 2818 al.
907 2800 955 2825 m„
978 2792 1078 2826 primo
1099 2799 1138 2823 α,-
1157 2795 1183 2818 et
1206 2799 1338 2826 primum
1361 2800 1406 2827 gt.

541 2850 685 2882 21—25.
705 2851 823 2892 ‘Regni
847 2851 963 2882 nostri'
982 2851 1040 2883 lin.
1061 2861 1114 2892 21,
1134 2850 1292 2882 ‘utamur'
1311 2851 1369 2882 lin.
1389 2852 1428 2884 23
1457 2851 1497 2882 ad
1521 2851 1663 2892 Anglos,
1691 2849 1775 2881 ‘nos'

470 2896 529 2927 lin.
557 2905 610 2936 24,
637 2898 742 2937 ‘regni
772 2897 888 2928 nostri'
915 2897 974 2928 lin.
1003 2897 1041 2929 25
1070 2898 1111 2928 ad
1139 2898 1259 2928 Scotos
1286 2897 1402 2929 referri
1431 2908 1469 2928 ex
1497 2907 1599 2928 sensu
1627 2902 1728 2938 patet.

1796 616 1810 647 5

1798 917 1805 937 I
1815 919 1835 937 (K)

1797 1194 1831 1226 15

1793 2063 1834 2094 '50
