2002 3359
905 270 1127 300 .1()HANNIS
1159 270 1338 301 wvcrir‘
1615 258 1719 313 [mv.
1741 268 1778 294 v.

468 375 657 424 pensione
720 375 863 421 servili,
934 388 1027 422 ergo
1088 389 1167 411 non
1230 377 1344 412 debet
1406 386 1570 424 propter
1632 387 1779 414 statuta

181 442 315 477 Laymen
342 442 451 469 should
468 433 628 482 papalia
674 447 695 470 a
740 433 806 469 tali
851 433 1034 469 libertate
1074 433 1272 477 excidere3
1327 446 1372 470 eo
1413 447 1505 482 ergo
1544 436 1779 473 vendicante

261 477 370 503 defend

191 512 375 538 themselves
398 511 435 547 by

207 546 423 581 witlldrawing

220 581 299 608 their
319 581 407 608 alins.

192 2062 388 2095 Acceptance
408 2060 443 2087 of

211 2095 276 2123 first
296 2095 386 2122 fruits
406 2103 422 2122 a

251 2130 332 2157 form
354 2130 389 2157 of

253 2164 386 2200 simony.

467 492 541 528 sibi
593 492 652 527 vel
704 504 774 527 suo
829 491 1013 538 complici
1066 491 1217 539 primos
1262 492 1425 538 fructus,
1478 493 1612 540 laycus
1665 496 1780 531 debet

468 549 705 587 elemosinas
745 562 835 585 suas
874 550 1121 586 subtrahere.
1164 552 1210 586 Et
1244 549 1340 585 illud
1374 550 1607 587 confirmavi
1641 552 1781 588 diffuse

468 607 584 649 alias;
637 620 709 643 nec
748 607 923 644 occurrit
962 607 1099 655 apcius
1144 608 1381 654 remedium,
1428 610 1534 656 quod
1573 610 1780 646 brachium

467 666 644 702 seculare
683 674 841 701 tenetur
880 665 1017 713 exequi
1059 675 1197 702 contra
1243 666 1486 703 extorsiones
1531 667 1781 714 symoniacas

467 722 702 760 antichristi.
770 725 882 760 Unde
936 724 1155 760 Cestrensis
1212 724 1314 760 libro
1359 726 1440 769 VII,
1501 724 1677 773 capitulo
1731 726 1781 771 34

466 791 603 818 narrat
642 782 689 817 de
730 781 923 829 Gregorio
955 783 1001 828 X,
1047 783 1154 830 quod
1199 782 1317 818 tertio
1362 791 1532 830 papatus
1576 783 1635 819 sui
1677 797 1781 820 anno

468 839 680 876 celebravit
726 839 939 876 concilium
985 840 1025 876 in
1070 853 1149 888 quo
1196 841 1356 876 fuerunt
1403 843 1481 877 600
1530 841 1705 889 episcopi
1745 851 1781 878 et

475 910 572 934 1000
606 897 748 945 prelati
782 907 879 945 aput
913 899 1152 945 Lugdunum
1188 899 1313 935 Gallie
1346 898 1479 947 ibique
1513 899 1650 936 statuit
1683 900 1780 935 illud

468 955 621 1004 insigne
646 963 682 992 et
706 968 727 992 a
751 965 857 992 retro
881 956 1023 992 seculis
1047 956 1266 1002 insolitum,
1301 958 1407 1004 quod
1436 970 1574 993 omnes
1607 967 1781 994 rectores

468 1014 598 1050 curati
632 1015 819 1062 deinceps
852 1014 981 1051 forent
1015 1016 1254 1051 sacerdotes.
1309 1015 1456 1051 Statuit
1502 1015 1626 1052 eciam
1673 1018 1781 1064 quod

467 1071 565 1107 nulli
610 1073 819 1109 hominum
855 1073 902 1109 de
935 1081 1067 1109 cetero
1111 1072 1248 1109 liceret
1282 1072 1457 1109 decimas
1490 1086 1579 1109 suas
1614 1075 1662 1110 ad
1696 1074 1783 1109 libi-

468 1139 552 1165 tum
598 1143 713 1167 suum
759 1130 860 1166 sicut
893 1140 1011 1167 antea
1056 1130 1270 1178 assignare,
1316 1132 1382 1167 sed
1424 1131 1580 1167 matrici
1619 1132 1783 1168 ecclesie

468 1187 643 1224 decimas
690 1187 945 1225 omnimodas
989 1189 1234 1235 persolvere3
1283 1188 1437 1237 aliquos
1471 1189 1630 1225 ordines
1663 1203 1782 1237 vagos

469 1246 649 1291 cassavit,
695 1246 926 1295 pluritatem
962 1246 1247 1283 beneficiorum
1288 1247 1531 1295 dampnavit.
1580 1249 1679 1294 Hoc,
1724 1248 1782 1284 in-

469 1316 603 1352 quam,
650 1304 799 1341 factum
845 1305 989 1352 legitur
1027 1317 1133 1341 anno
1173 1305 1324 1341 domini
1366 1316 1481 1353 1272.
1539 1305 1649 1342 Sicut
1688 1319 1782 1354 ergo

468 1362 676 1399 ordinacio
725 1363 840 1399 liuius
886 1376 988 1411 pape
1036 1372 1213 1399 cassatur
1256 1363 1294 1399 in
1341 1363 1487 1409 multis,
1533 1363 1588 1400 sic
1636 1364 1782 1400 cassari

468 1429 599 1468 potest
632 1420 672 1457 in
696 1421 1050 1457 distribucionibus
1084 1421 1345 1469 decimarum,
1381 1431 1417 1458 et
1440 1434 1510 1470 per
1535 1434 1782 1470 consequens

468 1490 549 1514 non
581 1478 673 1515 licet
706 1492 808 1527 pape
843 1491 983 1526 cogere
1016 1479 1254 1527 generaliter
1287 1480 1484 1516 seculares
1517 1488 1559 1516 ut
1593 1481 1686 1516 dent
1709 1480 1782 1517 sibi

470 1536 706 1583 regulariter
749 1537 900 1585 primos
946 1537 1110 1574 fructus,
1165 1537 1227 1574 Sic
1274 1538 1378 1574 enim
1433 1547 1656 1574 cassaretur
1700 1547 1780 1574 tam

469 1594 701 1642 sollempnis
734 1595 955 1641 ordinacio,
1002 1608 1080 1644 qua
1124 1596 1363 1643 generaliter
1407 1597 1596 1632 darentur
1630 1596 1783 1633 decime

470 1652 626 1688 matrici
673 1653 855 1699 ecclesie;
902 1662 938 1689 et
982 1653 1149 1701 perinde
1192 1663 1324 1701 posset
1368 1667 1472 1702 papa
1517 1663 1690 1690 statuere
1735 1656 1783 1691 ad

469 1718 619 1755 votum,
654 1712 761 1758 quod
794 1711 894 1759 layci
919 1713 1012 1748 dent
1035 1710 1107 1747 sibi
1133 1711 1330 1749 decimam
1354 1713 1413 1748 vel
1437 1721 1601 1760 quotam
1626 1721 1782 1760 partem

469 1768 638 1804 voluerit
663 1770 711 1805 de
733 1769 919 1805 omnibus
943 1770 1056 1806 bonis
1079 1768 1171 1813 suis,
1198 1778 1233 1806 et
1258 1783 1327 1818 per
1346 1783 1591 1818 consequens
1611 1770 1783 1818 spoliare

471 1835 634 1863 cunctos
668 1827 847 1864 subditos
880 1841 972 1864 suos
1006 1830 1054 1864 ad
1088 1837 1223 1863 votum
1250 1837 1285 1864 et
1310 1840 1430 1876 regna
1454 1829 1677 1874 destruere;
1710 1841 1783 1865 nec

471 1883 626 1920 dicetur
657 1885 764 1921 racio
793 1899 916 1934 quare
942 1895 1097 1922 tantum
1132 1894 1361 1922 extraneare
1394 1895 1523 1934 potest
1547 1886 1783 1923 elemosinas

471 1943 519 1978 ab
553 1942 815 1980 ordinacione
838 1957 959 1992 quam
980 1943 1161 1980 Christus
1186 1944 1371 1988 instituit,
1406 1944 1501 1992 quin
1524 1957 1594 1992 per
1617 1944 1722 1981 idem
1747 1954 1783 1980 et

472 2009 830 2049 quantumcunque
853 2002 1027 2047 libuerit,
1062 2011 1098 2038 et
1122 2010 1231 2049 patet
1256 2003 1558 2038 fundamentum
1585 2002 1680 2038 iuris
1704 2015 1784 2050 quo

473 2057 647 2095 decimas
687 2059 954 2096 vendicamus.
1003 2062 1099 2096 Item
1140 2072 1230 2096 cum
1270 2073 1375 2108 papa
1413 2069 1543 2108 potest
1578 2060 1784 2096 comittere

473 2116 710 2163 symoniam,
744 2126 785 2153 ut
815 2117 952 2154 dicunt
976 2120 1160 2155 doctores
1194 2118 1458 2164 concorditer,
1492 2118 1646 2154 videtur
1678 2120 1785 2166 quod

471 2174 713 2221 generaliter
745 2175 985 2223 accipiendo
1018 2175 1172 2225 primos
1205 2175 1356 2213 fructus
1390 2176 1517 2212 curati
1551 2189 1668 2224 quem
1696 2189 1785 2224 pro-

475 2240 619 2280 movet,
654 2232 697 2269 fit
730 2234 1000 2280 symoniacus,
1047 2233 1139 2282 quia
1173 2233 1401 2271 inordinate
1435 2236 1502 2270 dat
1536 2246 1671 2270 curam
1707 2233 1785 2281 spi-

473 2288 659 2325 ritualem
706 2299 873 2338 propter
917 2293 1134 2328 comodum
1169 2293 1406 2340 temporale,
1455 2301 1490 2328 et
1525 2292 1595 2327 hec
1629 2300 1685 2328 est
1719 2293 1784 2328 de-

474 2345 647 2394 scripcio
681 2348 876 2395 symonie.

543 2511 567 2531 2.
594 2504 663 2539 ipso
690 2512 762 2539 ergo
783 2505 886 2532 celeri.
995 2514 1023 2538 4.
1053 2510 1080 2532 et
1107 2505 1187 2532 iden]
1216 2507 1318 2533 celeri.
1425 2506 1449 2533 5.
1478 2506 1618 2540 apt-rems
1644 2515 1726 2534 corr.
1748 2515 1785 2534 ex

474 2538 580 2572 apcius
594 2547 624 2572 a,
640 2539 810 2566 remedium
825 2539 853 2573 lz,
871 2547 900 2566 re
914 2540 954 2566 al.
969 2549 1005 2567 m.
1021 2539 1048 2573 d,
1071 2539 1206 2567 medium
1225 2542 1329 2568 ceteri.
1403 2549 1428 2576 7.
1451 2541 1529 2568 Cum
1546 2541 1643 2568 Cestr.
1659 2541 1784 2577 abcesg,

475 2573 629 2610 Ostiensis
648 2581 676 2600 a.
751 2582 783 2601 11.
807 2582 822 2600 a
842 2582 900 2602 om.
923 2574 942 2601 i.
1022 2582 1063 2607 14.
1087 2574 1248 2611 viatricis,
1269 2575 1384 2603 victrici
1404 2584 1436 2611 g,
1458 2583 1540 2602 corr.
1562 2576 1592 2603 1⁷11
1614 2572 1733 2604 matrici
1753 2585 1782 2604 α.

475 2610 516 2634 10.
539 2608 742 2642 pluralitatem
762 2608 871 2644 adeffg.
945 2618 983 2644 ¹7·
1000 2617 1080 2636 anno
1096 2609 1152 2636 deo
1167 2609 1194 2636 Ιι.
1267 2617 1312 2644 20,
1333 2617 1371 2637 21.
1394 2615 1426 2637 ut
1445 2625 1476 2629 -—
1496 2610 1615 2638 fructus
1635 2611 1676 2638 al.
1697 2619 1734 2638 m.
1755 2611 1784 2638 Ιι.

475 2641 507 2669 23
527 2654 559 2665 =
581 2651 622 2675 14.
722 2642 764 2669 23.
787 2643 915 2677 provide
935 2643 1006 2679 ccffi,
1105 2642 1148 2673 23.
1169 2651 1215 2677 24.
1238 2644 1338 2680 quoad
1361 2649 1422 2672 vot.
1444 2645 1462 2671 l.
1484 2645 1504 2679 i,
1526 2645 1636 2673 debent
1657 2645 1713 2673 sibi
1735 2646 1784 2673 alz.

475 2677 520 2704 26.
553 2685 625 2704 suos
654 2677 701 2709 hh,
730 2685 787 2704 om.
818 2678 930 2707 celeri:
958 2683 1055 2705 totum
1087 2679 1190 2706 celeri.
1298 2687 1340 2714 27.
1362 2679 1476 2706 diceret
1501 2687 1531 2713 a,
1561 2680 1679 2708 dicetur
1699 2680 1784 2719 ceffg,

476 2711 576 2739 dicere
601 2715 692 2739 ceter.
799 2710 845 2745 34.
873 2712 931 2739 hoc
956 2713 1056 2740 celeri.
1163 2712 1211 2748 34,
1238 2712 1280 2741 35.
1309 2714 1493 2749 descriptive
1519 2715 1659 2751 symonia
1679 2715 1784 2750 bcy‘dg,

476 2746 689 2781 descripcione
709 2747 850 2783 symonia
870 2755 894 2775 c.

546 2852 577 2882 7.
612 2841 804 2873 Cestrensis
837 2842 917 2874 loco
951 2854 1027 2885 pag.
1063 2845 1115 2884 33,
1148 2844 1186 2876 18
1219 2846 1331 2884 citato,
1366 2853 1387 2877 t.
1419 2847 1450 2886 ὅ,
1486 2845 1562 2878 256.
1595 2846 1686 2887 (Lib.
1714 2846 1782 2885 VII,

477 2897 550 2929 cap.
579 2889 647 2929 37.)
749 2898 798 2930 17.
830 2899 912 2931 1272
942 2897 1049 2921 errate
1076 2901 1137 2932 pro
1170 2901 1264 2932 ¹274-

1799 614 1815 646 5

1802 912 1837 934 10

1806 1204 1810 1223 ι
1824 1192 1839 1224 5

1799 1492 1841 1513 20

1801 1771 1839 1803 25

1802 2060 1842 2092 '30

1801 2359 1840 2392 33
