2002 3359
160 300 213 332 44

157 816 209 843 Let
232 816 319 851 kings
341 817 425 843 wake

206 852 285 878 from
307 852 384 878 their

174 886 326 913 §lumbers
346 887 405 913 and

158 929 280 955 rcpress
296 921 428 957 simony.

151 2090 238 2127 They
259 2096 341 2119 must
362 2096 414 2118 not

158 2130 299 2160 promote
319 2127 417 2153 cleiks

196 2160 243 2187 for
263 2162 381 2189 secular

220 2197 345 2224 service.

883 299 1106 331 ,ΙΟΗΑΝΝΙΞ
1132 300 1317 331 WYCLIF
1587 288 1690 346 [CAP.
1706 300 1757 328 1v.

448 415 490 442 ut
523 406 796 454 supradictum
832 415 899 443 est.
932 409 979 442 Et
1013 407 1115 442 idem
1148 408 1313 443 docetur
1344 408 1365 443 8
1397 408 1602 456 questione
1634 424 1643 446 1
1670 424 1756 460 cap.

448 465 488 500 In
512 465 730 513 scripturis,
764 478 806 500 ex
831 464 1010 512 Registro
1040 465 1216 501 eiusdem
1242 465 1345 502 beati
1370 467 1568 514 Gregorii:
1604 469 1755 515 ‘Sicut‚'

446 522 588 569 inquit.
623 523 746 558 ‘locus
777 522 980 570 regiminis
1014 522 1330 560 desiderantibus
1363 527 1567 572 negandus
1601 536 1669 567 est,
1704 527 1757 564 ita

447 589 503 616 est
528 580 766 627 fugientibus
790 580 1040 616 offerendus.‘
1066 583 1185 617 Modo
1209 595 1300 618 vero
1325 591 1554 631 contempta
1579 584 1650 620 hac
1673 586 1757 633 lege

446 647 581 674 sancta
621 651 740 685 quam
773 638 952 674 Christus
986 641 1100 675 docet
1134 641 1254 676 Math.
1292 650 1341 676 20
1375 642 1422 676 de
1456 641 1546 677 filiis
1575 643 1756 689 zebedei,

446 705 682 743 procurator
707 696 874 732 Luciferi
909 707 1087 744 expectat
1120 707 1156 733 et
1190 708 1424 746 reexpectat‚
1459 708 1500 735 ut
1524 700 1639 735 detur
1667 700 1757 736 licet

447 753 572 801 magis
605 754 769 790 inhabili
803 754 859 790 illi
894 755 961 802 qui
994 756 1081 802 plus
1115 764 1152 792 et
1184 756 1386 803 promcius
1418 758 1500 793 vult
1532 757 1687 794 offerre.

504 814 584 859 Eya
617 825 721 848 nunc
755 825 878 860 reges,
919 812 1126 861 intelligite
1160 814 1473 862 expergiscentes
1506 817 1553 851 de
1586 828 1756 864 sompno

445 870 634 916 letargico
676 884 755 918 quo
794 870 885 907 estis
923 883 993 918 per
1031 872 1349 919 pseudoclericos
1389 873 1579 921 soporati,
1620 883 1656 910 et
1696 887 1756 910 ex-

445 927 565 963 cutite
624 941 645 964 a
703 928 834 976 regnis
892 929 1030 965 vestris
1089 929 1258 965 heresim
1318 931 1604 978 symoniacam,
1663 932 1756 980 quia

444 985 558 1021 aliter
582 985 742 1022 indubie
759 986 831 1022 erit
850 987 1102 1034 perturbacio
1124 988 1234 1024 vobis
1250 989 1439 1036 undique,
1459 1002 1538 1025 non
1555 1003 1629 1037 pax
1644 1003 1755 1036 vera3

444 1044 714 1091 recognoscite
731 1047 836 1092 quod
853 1045 1065 1081 commissa
1081 1055 1138 1081 est
1152 1046 1262 1082 vobis
1277 1047 1518 1094 gubernacio
1542 1060 1754 1095 regnorum

444 1114 465 1137 a
495 1101 671 1147 domino,
706 1112 742 1138 et
775 1116 845 1150 per
877 1116 1123 1151 consequens
1156 1104 1334 1151 regimen
1366 1105 1503 1153 populi
1536 1107 1754 1141 secundum

444 1160 598 1206 regulas
620 1160 717 1207 legis
740 1174 819 1196 sue.
845 1161 1055 1197 Prohibete
1079 1161 1212 1209 itaque
1236 1162 1358 1210 legios
1374 1173 1522 1199 vestros
1545 1163 1599 1199 sic
1622 1172 1755 1211 petere

442 1217 591 1253 fontem
627 1218 804 1266 symonie
827 1228 863 1255 et
887 1219 1099 1267 capitalem
1123 1221 1271 1256 scolam
1296 1220 1457 1268 diaboli,
1491 1222 1637 1257 nedum
1662 1221 1755 1269 quia

442 1288 609 1322 persone
633 1289 846 1324 regnorum
864 1286 900 1313 et
916 1277 1290 1325 specialiterAnglie
1307 1288 1397 1314 sunt
1419 1278 1459 1314 in
1478 1280 1551 1315 hoc
1566 1279 1754 1327 precipue

442 1335 489 1369 ab
524 1334 702 1370 hostibus
735 1334 944 1379 trucidate,
989 1344 1026 1371 et
1059 1336 1249 1383 peccunie
1282 1349 1495 1384 regnorum
1535 1339 1753 1373 secundum

442 1392 715 1439 prodicionem
739 1393 1014 1430 absconditam
1039 1403 1129 1429 sunt
1152 1395 1351 1441 exhauste,
1385 1397 1452 1431 sed
1476 1407 1522 1431 eo
1548 1395 1754 1443 potissime

442 1451 549 1497 quod
583 1463 652 1498 per
686 1451 786 1487 hanc
819 1451 975 1488 ruinam
1009 1452 1118 1499 lepra
1152 1452 1381 1500 symoniaca
1419 1462 1589 1501 occupat
1623 1453 1755 1489 multi—

442 1507 597 1555 pliciter
640 1518 769 1545 vestra
802 1522 935 1557 regna.
982 1509 1021 1545 Si
1055 1509 1158 1546 enim
1204 1523 1354 1558 paucus
1393 1524 1540 1547 cuneus
1579 1511 1753 1548 hostium

441 1566 500 1601 vel
544 1566 654 1614 lepra
698 1579 863 1615 regnum
915 1567 1183 1604 inficiencium
1238 1568 1368 1616 ipsum
1419 1569 1620 1613 invaserit,
1666 1569 1753 1617 quis

442 1623 596 1660 dubitat
629 1624 726 1672 quin
750 1638 814 1661 rex
847 1625 976 1673 segnis
1009 1625 1049 1661 in
1082 1628 1326 1663 extrudendo
1360 1627 1588 1664 huiusmodi
1621 1628 1752 1663 hostes

441 1681 489 1717 sit
513 1683 757 1729 culpandus?
790 1683 992 1719 Infinitum
1027 1684 1152 1731 magis
1175 1685 1359 1732 culpatur
1381 1698 1403 1721 a
1425 1687 1499 1721 deo
1522 1685 1684 1721 indubie
1707 1698 1753 1721 eo

441 1741 549 1786 quod
582 1740 778 1787 permittit
802 1741 929 1778 dictos
952 1742 1202 1790 symoniacos
1225 1742 1410 1779 invadere
1434 1756 1599 1791 regnum
1622 1756 1752 1779 suum.

442 1797 517 1844 Ipsi
551 1798 655 1834 enim
689 1799 885 1846 spirituali
919 1799 1105 1847 contagio
1139 1801 1341 1837 maculant
1373 1814 1538 1849 regnum
1569 1810 1606 1838 et
1629 1800 1754 1849 speci-

440 1854 555 1891 aliter
599 1868 709 1904 reges
754 1866 791 1893 et
836 1857 1019 1894 dominos
1063 1859 1260 1894 seculares
1294 1872 1337 1895 ex
1382 1872 1589 1905 consensu,
1635 1868 1673 1895 et
1705 1872 1751 1895 eo

440 1912 597 1960 gravius
630 1927 709 1962 quo
742 1928 933 1963 prospera
966 1915 1155 1952 facilitate
1187 1918 1370 1964 negando
1399 1918 1496 1954 tales
1526 1930 1608 1954 esse
1631 1916 1754 1965 legios

440 1983 531 2007 suos
564 1984 628 2008 rex
660 1981 791 2020 potest
824 1986 889 2009 eos
923 1975 1142 2020 excludere,
1177 1983 1214 2010 et
1247 1988 1506 2024 quoscunque
1539 1977 1753 2012 advocatos

441 2040 578 2065 eorum
595 2038 802 2079 tamquam
827 2032 959 2068 hostes
982 2032 1226 2080 proditorios
1249 2033 1359 2081 regni
1383 2033 1644 2070 effectualiter
1659 2046 1751 2070 con-

441 2086 609 2134 signare.
635 2088 712 2124 Sed
727 2097 820 2125 tunc
835 2099 994 2137 oportet
1012 2102 1144 2137 regem
1162 2099 1198 2127 et
1213 2103 1393 2138 regnum,
1415 2100 1457 2127 ut
1473 2091 1623 2128 dictum
1640 2100 1697 2128 est
1712 2090 1752 2126 in

440 2153 612 2181 tractatu
646 2148 702 2182 De
727 2148 843 2195 Rege,
876 2148 1007 2184 fovere
1040 2148 1216 2184 studium
1250 2149 1346 2197 legis
1380 2149 1441 2185 dei
1475 2158 1511 2185 et
1543 2149 1751 2198 providere

439 2203 635 2251 theologis
673 2217 809 2241 curam
848 2205 1065 2253 spiritualis
1104 2206 1308 2254 regiminis
1347 2208 1522 2243 cavendo
1559 2216 1751 2256 tanquam

437 2272 634 2297 venenum
667 2264 717 2298 ad
750 2262 848 2298 illud
880 2276 1115 2311 promovere
1149 2264 1312 2300 clericos
1345 2274 1508 2312 propter
1540 2266 1614 2301 hoc
1645 2265 1751 2313 quod

437 2317 510 2354 sibi
543 2318 583 2355 in
616 2320 860 2357 secularibus
893 2321 1068 2369 negociis
1101 2322 1357 2360 famulantur.
1392 2324 1492 2360 Nam
1516 2331 1559 2359 ut
1582 2322 1637 2360 sic
1659 2330 1752 2359 sunt

508 2509 528 2527 1.
556 2505 587 2527 ut
613 2500 825 2535 supradictum
852 2501 866 2528 i
888 2501 996 2531 solum.
1022 2501 1067 2528 vel
1096 2506 1272 2536 suspectum
1300 2502 1403 2530 ceteri.
1530 2511 1555 2530 2.
1584 2503 1615 2531 In
1644 2504 1749 2539 script.

438 2543 494 2562 om.
516 2543 581 2570 ag‚·
606 2544 672 2570 cap.
699 2536 732 2563 111
760 2535 864 2571 script.
893 2535 931 2562 dlz
951 2536 1019 2562 soli.
1154 2543 1179 2569 2,
1199 2535 1225 2564 3.
1253 2537 1339 2565 Sicut
1359 2537 1439 2564 enim
1461 2538 1557 2571 Iocus,
1578 2538 1677 2574 inquit
1696 2547 1749 2574 ag.

438 2570 465 2596 (ῑ.
490 2574 677 2604 reexspectat
698 2578 755 2597 om.
778 2570 807 2597 Ιι.
915 2578 943 2605 9.
966 2575 993 2597 ct
1012 2578 1069 2597 om.
1091 2579 1120 2598 a.
1228 2579 1269 2598 10.
1291 2572 1327 2598 de
1349 2572 1449 2607 regnis
1469 2580 1522 2608 ag,
1545 2581 1621 2608 sym.
1644 2573 1749 2608 populi

437 2604 477 2630 al.
499 2613 536 2631 m.
557 2605 598 2632 d..
655 2613 688 2632 11.
710 2604 823 2640 ubique
842 2613 896 2640 ag.
953 2613 991 2632 12.
1013 2605 1083 2641 quia
1105 2606 1132 2636 i:
1152 2605 1281 2633 dimissa
1300 2605 1410 2642 bcefg,·
1431 2615 1595 2642 regnorum
1616 2616 1674 2635 (nn.
1695 2616 1748 2643 ag.

438 2646 479 2671 14.
503 2640 637 2674 regulam
658 2647 687 2668 a.
770 2640 811 2667 16.
833 2644 861 2666 et
880 2647 938 2666 om.
960 2640 980 2666 i.
1065 2641 1102 2667 18.
1125 2639 1334 2675 perdicionem
1355 2641 1398 2667 bc.
1477 2649 1524 2669 20.
1546 2646 1652 2669 nostra
1671 2642 1748 2678 bees.

437 2680 476 2699 21.
498 2674 580 2708 lepre
600 2674 706 2709 bcdfg.
791 2681 834 2701 22.
857 2674 1004 2710 quoniam
1024 2675 1115 2711 aasfg.
1201 2682 1247 2708 24..
1271 2675 1370 2702 dictos
1391 2677 1431 2703 al.
1454 2684 1491 2703 m.
1513 2676 1542 2710 d,
1564 2684 1622 2704 om.
1643 2677 1748 2704 ceteri.

437 2708 482 2735 es.
509 2716 544 2734 eo
564 2709 645 2735 facto
666 2717 713 2741 ay,
739 2717 942 2744 quoscunque
968 2716 1050 2736 corr.
1072 2717 1109 2736 ex
1128 2717 1189 2744 quo
1210 2710 1290 2737 facto
1311 2710 1340 2740 d,
1360 2718 1421 2745 quo
1442 2710 1566 2747 factos,
1594 2719 1749 2747 quoscun-

438 2750 496 2777 que
515 2743 620 2770 ceteri.
728 2751 775 2778 29.
798 2743 989 2779 proditorios
1010 2743 1047 2775 ei,
1069 2744 1244 2779 proditores
1265 2745 1371 2776 ceteri,
1393 2745 1471 2785 regis
1493 2749 1521 2773 et
1539 2745 1624 2785 regni
1644 2746 1747 2774 ceteri.

436 2776 482 2806 30.
504 2777 533 2805 in
555 2777 573 2804 Ιι
593 2778 700 2810 solum,
720 2778 757 2805 de
778 2786 846 2814 rege
865 2785 923 2805 om.
943 2778 1044 2815 bcefg,
1065 2779 1106 2806 al.
1121 2787 1158 2806 m.
1179 2779 1230 2807 ad.
1286 2778 1330 2807 32.
1353 2779 1495 2815 specialis
1516 2780 1674 2816 regiminis
1693 2788 1747 2817 ag.

488 2883 514 2904 1.
536 2872 619 2903 Ibid.
640 2870 703 2914 592
724 2873 767 2909 (c.
782 2883 802 2915 9
822 2873 872 2914 [In
891 2873 1037 2915 scriptis]
1059 2873 1096 2906 C.
1115 2872 1147 2914 8,
1167 2884 1200 2915 q.
1221 2885 1246 2906 1.
1323 2874 1351 2906 5.
1372 2874 1489 2908 Matth.
1512 2885 1566 2915 20,
1586 2884 1630 2905 20
1648 2884 1748 2916 seqq.

437 2919 493 2951 30.
518 2919 570 2950 De
595 2919 701 2961 Rege.
729 2919 780 2950 Cf.
807 2919 988 2951 Addenda.

1777 946 1815 966 10

1775 1225 1811 1257 15
