2002 3359
150 271 201 316 48
873 279 1097 311 JOHANle
1121 279 1307 312 WYCLIF
1575 266 1679 325 [CAP.
1694 278 1747 307 ιν.

437 383 614 430 ecclesie,
648 385 715 420 sed
739 392 915 421 statuens
938 385 1043 432 leges
1065 385 1333 433 prefectorum
1358 387 1578 423 contrarias
1610 389 1747 425 volun-

435 441 506 478 tati
531 441 673 487 divine,
706 443 822 478 stulte
846 442 939 490 agit,
974 455 1064 479 cum
1098 443 1265 480 faciliter
1294 453 1426 492 posset
1450 446 1655 482 exonerari
1677 460 1747 495 per

436 500 653 536 elecciones
688 501 734 536 de
767 500 851 536 iure
885 501 1088 537 communi
1123 501 1292 547 validasg
1326 515 1398 539 nec
1421 503 1651 551 fingendum
1677 514 1745 551 est,

436 558 531 605 quin
556 558 677 593 homo
702 558 850 594 habens
873 558 913 594 in
935 558 1118 595 libertate
1141 559 1293 595 arbitrii
1318 561 1377 596 vel
1399 560 1505 597 viare
1528 574 1597 609 per
1630 562 1745 599 istam

434 615 536 651 viam
584 615 813 663 ambiguam
860 625 927 652 aut
971 618 1105 664 patule
1150 618 1311 663 malam,
1365 619 1425 656 vel
1468 631 1632 667 pergere
1677 624 1779 668 pei-5

434 673 616 709 semitam
645 673 706 709 dei
732 686 928 721 securam,
962 674 1144 722 eligendo
1176 675 1285 723 prius
1319 678 1486 713 electum
1522 690 1544 713 a
1577 679 1664 721 deo,
1698 678 1747 714 sit

435 744 456 767 a
495 731 658 767 domino
697 740 861 779 propter
903 732 1118 768 stulticiam
1164 733 1442 781 increpandus.
1496 737 1577 771 Nec
1615 744 1746 783 potest

432 789 591 824 fundari
626 790 683 825 lex
717 789 804 836 ista,
844 791 951 838 quod
984 803 1029 827 eo
1061 790 1146 839 ipso
1180 794 1287 840 quod
1322 792 1450 829 maior
1479 806 1569 841 pars
1603 794 1746 830 electo-

212 858 295 897 Bulls
314 857 351 896 pf
433 860 520 882 rum
555 847 595 883 in
628 847 1016 895 irreprehensibilem
1051 862 1264 896 personam
1305 851 1563 896 consenserit,
1608 852 1668 888 vel
1700 865 1745 889 eo

145 901 417 955 shoffi'gvffifflno
433 904 518 952 ipso
563 906 669 953 quod
715 905 823 953 prius
875 907 1000 942 bullas
1045 908 1207 955 papales
1257 921 1375 957 super
1419 909 1643 957 provisione
1686 910 1803 946 vel1o

218 962 340 997 weight.
433 962 565 999 officio
599 963 866 1000 ecclesiastico
889 965 1187 1012 presentaverit,
1223 975 1279 1002 est
1307 967 1499 1015 legittime
1521 980 1746 1016 preponen-

433 1022 524 1062 dus;
571 1030 647 1057 stat
681 1021 786 1058 enim
820 1035 911 1058 cum
944 1022 1013 1058 tali
1047 1023 1298 1071 auctoritate,
1345 1026 1451 1073 quod
1486 1026 1581 1061 deus
1614 1026 1743 1074 ipsum

433 1081 618 1127 reprobet
641 1088 677 1115 et
700 1080 924 1116 inhabilitet
948 1082 995 1116 ad
1028 1081 1106 1117 tale
1140 1081 1418 1119 ministerium.
1453 1084 1545 1120 Ideo
1569 1083 1599 1119 si
1624 1085 1745 1120 homo

432 1137 513 1184 agit
546 1146 685 1173 contra
719 1138 1024 1185 conscienciam,
1070 1138 1160 1175 licet
1192 1139 1354 1181 iustum,
1388 1150 1527 1189 peccat
1560 1142 1744 1189 graviter,

432 1203 473 1230 ut
507 1204 616 1242 patet
655 1209 724 1243 per
763 1197 989 1244 apostolum
1023 1198 1135 1233 Rom.
1177 1211 1236 1243 14,
1284 1199 1408 1234 multo
1454 1199 1579 1247 magis
1624 1201 1800 1236 homo&

433 1266 551 1300 agens
575 1253 765 1289 iniustum
790 1263 930 1290 contra
953 1254 1194 1302 sapienciam
1221 1265 1256 1292 et
1279 1258 1523 1293 voluntatem
1548 1257 1742 1301 divinam3

432 1312 498 1347 sed
523 1311 577 1347 sic
611 1312 703 1348 facit
735 1312 865 1347 omnis
898 1312 1045 1360 eligens
1079 1314 1277 1351 contrarie
1309 1315 1501 1351 voluntati
1535 1315 1611 1362 dei,
1652 1329 1744 1363 ergo

432 1368 471 1404 in
507 1370 579 1405 hoc
612 1379 750 1417 peccat
783 1370 967 1417 graviter.
1001 1373 1106 1407 Deus
1140 1371 1244 1407 enim
1285 1373 1485 1420 sapienter
1516 1365 1744 1410 ordinat'et

432 1427 612 1475 graciose
662 1428 742 1464 vult
791 1430 896 1476 quod
948 1429 1124 1476 eligatur
1160 1431 1398 1477 generaliter
1443 1431 1569 1479 magis
1614 1441 1741 1479 aptuS‚

433 1485 581 1522 elector
614 1494 746 1522 autem
782 1499 874 1534 sepe
907 1487 1077 1523 scienter
1102 1496 1137 1523 ct
1162 1501 1252 1536 sepe
1277 1500 1319 1524 ex
1343 1501 1476 1525 crassa
1508 1489 1742 1537 ignorancia
1761 1503 1801 1523 20

185 1552 260 1592 ..To
281 1553 348 1587 give
433 1552 489 1579 est
522 1545 596 1579 deo
630 1544 866 1581 contrarius.
912 1546 1127 1590 Quomodo
1166 1559 1258 1593 ergo
1297 1560 1376 1582 non
1416 1548 1503 1595 plus
1537 1548 1743 1584 blasfemat

145 1589 412 1657 sppgffgzllipoixger
432 1614 551 1649 quam
598 1603 734 1638 Petrus
777 1603 836 1638 vel
879 1603 1045 1639 Paulus?
1097 1606 1197 1639 Ymo
1242 1614 1450 1641 comutans
1495 1605 1739 1653 spiritualem

150 1665 249 1684 “0¹'ssss
271 1658 315 1684 51¹¹
338 1657 409 1684 1¹¹³ss
431 1668 669 1707 potestatem
705 1673 776 1707 pro
809 1661 1019 1708 temporali
1055 1663 1227 1697 comodo
1250 1663 1336 1710 plus
1360 1672 1497 1711 peccat
1521 1663 1560 1698 in
1585 1664 1740 1709 effecttl,

155 1693 397 1762 tliatnpgtlgsgnon
431 1730 550 1765 quam
577 1719 726 1766 Symon
760 1731 912 1766 magu&
948 1727 984 1755 et
1007 1719 1061 1755 sic
1091 1719 1161 1755 toti
1195 1720 1363 1756 trinitati
1397 1721 1619 1757 contrarius
1652 1735 1743 1769 pro-

431 1775 574 1812 ditorie
608 1785 724 1823 negat
758 1776 889 1812 fidem.
926 1778 1038 1813 Unde
1071 1778 1274 1814 decretum
1298 1779 1489 1814 „leronimi
1518 1779 1692 1827 positum
1719 1780 1740 1815 8
1759 1782 1798 1814 25

431 1833 639 1881 questione
685 1847 694 1869 1
737 1847 823 1882 cap.
879 1835 951 1870 Vos
982 1836 1129 1884 spernit
1178 1835 1233 1872 sic
1282 1836 1477 1884 loquitur:
1532 1837 1624 1882 ‘Qui
1675 1850 1741 1874 vos

430 1891 581 1939 spernit
615 1904 677 1928 me
709 1892 885 1940 spernit.'
933 1894 986 1928 Ex
1020 1906 1100 1940 quo
1134 1893 1388 1930 manifestum
1424 1903 1493 1941 est,
1533 1896 1640 1943 quod
1674 1895 1741 1943 qui

431 1950 601 1997 apostoli
655 1951 739 1997 lege
793 1959 1023 1998 contempta
1076 1951 1387 1988 ecclesiasticum
1441 1954 1608 2000 gradum
1662 1966 1741 1989 non

432 2007 582 2043 meritis
629 2008 797 2044 voluerit
849 2008 1016 2044 alicuius
1069 2009 1235 2056 deferre7
1287 2012 1353 2047 sed
1406 2010 1550 2058 gracie,
1604 2019 1743 2047 contra

431 2065 633 2101 Christum
668 2066 797 2102 facere
828 2066 995 2113 videtur,
1030 2067 1124 2115 quia
1146 2067 1274 2115 qualis
1298 2068 1337 2104 in
1362 2069 1527 2105 ecclesia
1550 2069 1744 2117 presbiter
1760 2074 1801 2106 30

432 2123 733 2160 constituendus
756 2124 817 2171 sit,
842 2137 912 2172 per
927 2125 1152 2173 apostolum
1178 2138 1293 2162 suum
1318 2126 1618 2174 insequentibus
1641 2127 1743 2163 inse-

433 2190 545 2217 cutus
579 2190 647 2219 est.

488 2240 654 2275 Videtur
687 2252 731 2276 ex
763 2239 837 2276 isto
855 2249 962 2277 textu
987 2241 1106 2277 michi
1129 2241 1273 2289 primo,
1296 2243 1403 2290 quod
1426 2242 1505 2280 sive
1527 2255 1631 2291 papa
1664 2242 1743 2279 sive

433 2296 532 2332 alius
571 2297 786 2333 constituat
825 2298 1071 2346 episcopum,
1112 2308 1149 2335 et
1187 2313 1267 2336 non
1305 2301 1523 2336 secundum
1564 2301 1741 2348 regulam

503 2451 523 2470 1.
551 2443 731 2478 prefecturis
745 2450 787 2475 ce,
810 2443 978 2478 profecturo
993 2443 1030 2476 l1;
1052 2445 1199 2471 voluntati
1222 2445 1278 2479 legi
1299 2445 1401 2473 divine
1415 2453 1470 2480 ag.
1527 2453 1552 2473 2.
1574 2450 1678 2481 posset
1696 2446 1743 2477 eh,

434 2482 533 2512 potest
554 2478 666 2509 celeri;
686 2477 723 2505 ib.
745 2477 929 2505 exhonorari
950 2478 969 2504 i.
1033 2477 1060 2506 3.
1081 2479 1192 2506 electos
1213 2480 1325 2511 ceter&
1346 2480 1383 2507 ib.
1400 2480 1519 2507 validas
1539 2481 1602 2512 cell,
1623 2481 1742 2508 validos

433 2512 547 2544 ceteri;
567 2512 742 2547 tingendum
764 2513 847 2545 abce,
868 2512 1048 2548 fugiendum
1069 2514 1173 2540 ceteri.
1253 2514 1280 2541 ὁ.
1303 2515 1430 2542 electum
1452 2522 1510 2542 om.
1532 2515 1551 2542 i.
1634 2514 1660 2542 8.
1682 2524 1743 2550 quo

433 2547 536 2575 ceteri.
615 2554 643 2581 ς).
665 2551 888 2574 consenserunt
907 2547 1008 2574 ceteri.
1093 2556 1134 2575 10.
1178 2548 1241 2575 rius
1261 2549 1290 2582 Ιι,
1313 2549 1413 2584 primo
1433 2550 1536 2577 ceteri.
1618 2558 1651 2577 11.
1674 2558 1744 2584 por-

433 2581 541 2608 taverit
559 2590 592 2617 g,
613 2589 696 2608 corr.
717 2582 748 2609 in
770 2582 990 2617 presentaverit
1008 2590 1039 2609 a.
1143 2556 1179 2611 15.
1201 2587 1228 2610 et
1248 2599 1280 2603 —
1301 2584 1505 2611 ministerium
1527 2585 1557 2611 in
1581 2592 1685 2619 marg.
1707 2585 1745 2617 11,-

434 2616 472 2642 ib.
493 2616 562 2642 ideo
583 2618 610 2647 h,
630 2616 701 2643 item
724 2617 826 2644 ceteri.
934 2625 973 2652 17.
995 2617 1144 2645 voluntati
1166 2617 1268 2645 divine
1288 2619 1392 2645 ceteri.
1494 2627 1540 2646 20.
1562 2620 1703 2647 elleccior
1723 2622 1743 2647 ι’.

435 2649 477 2677 23.
499 2651 658 2685 quomodo
678 2652 707 2683 i,·
727 2651 764 2678 ih.
786 2659 847 2678 non
870 2651 938 2687 plus
958 2652 987 2679 Ιι.
1048 2651 1094 2679 26.
1116 2660 1182 2687 cap.
1198 2652 1264 2680 Vos
1285 2653 1401 2688 spernit
1421 2653 1439 2680 Ιι
1459 2654 1568 2681 solum.
1629 2661 1673 2687 27.
1696 2663 1743 2681 me

436 2685 554 2719 spernit
579 2693 637 2712 om.
665 2685 788 2721 bcefgh,
813 2687 854 2713 al.
882 2695 919 2713 m.
946 2695 985 2720 a;
1010 2687 1048 2713 ib.
1076 2695 1111 2713 ex
1139 2695 1200 2722 quo
1220 2688 1284 2722 cell,
1312 2688 1391 2715 unde
1418 2689 1522 2715 ceteri.
1617 2687 1663 2716 30.
1714 2688 1742 2716 ui

436 2719 535 2755 qualis
549 2720 646 2755 hedes.
702 2720 741 2753 31,
757 2719 799 2748 32.
816 2725 974 2748 assecutus
993 2721 1023 2748 d.
1078 2720 1121 2748 32.
1143 2725 1171 2748 et
1190 2730 1226 2748 ex
1242 2722 1300 2749 isto
1315 2726 1396 2750 textu
1413 2722 1534 2750 videtur
1548 2722 1641 2751 michi
1656 2731 1694 2750 ae
1710 2723 1742 2759 gr,

437 2754 541 2781 eodem
561 2755 660 2787 modo,
679 2756 734 2782 sed
754 2763 811 2782 om.
833 2760 915 2783 textu
936 2756 1000 2783 hed.

511 2848 560 2881 15.
585 2850 687 2881 Rom.
710 2860 759 2892 14,
780 2860 832 2891 22,
853 2852 906 2884 23.
983 2850 1032 2883 18.
1060 2852 1162 2895 Corp.
1182 2852 1244 2883 iur.
1266 2853 1287 2893 l,
1316 2852 1382 2896 594
1407 2854 1450 2894 (c.
1475 2863 1524 2894 14,
1552 2853 1590 2885 C.
1607 2852 1677 2896 8‚q.
1700 2852 1743 2894 1).

438 2906 491 2938 27.
519 2896 602 2928 Luc.
626 2907 675 2937 10,
698 2896 748 2928 16.
