2002 3359
177 960 214 980 10

178 1238 213 1271 15

175 1539 216 1560 ΖΟ

177 2109 218 2140 '30

231 314 319 341 eAv.
343 302 394 359 ir]
759 315 816 345 niz
845 314 1045 345 ειΜωΝιΑ.

231 422 383 471 peccati
417 435 537 470 quam
573 422 738 467 heresis,
779 429 892 457 vocat
926 419 1028 456 enim
1066 419 1233 455 heresim
1268 418 1540 466 symtmiacam

230 494 335 517 nunc
382 480 628 517 voluntatem
685 488 721 516 et
768 491 873 515 nunc
927 477 1213 514 commercium
1269 477 1540 514 inordinatum

231 539 451 586 procedens
485 540 533 574 ab
566 538 644 574 illa.
692 540 772 573 Nec
807 545 863 572 est
895 549 994 583 opus
1029 536 1077 571 ad
1112 544 1219 571 extra
1254 536 1450 583 culpabile
1484 536 1543 572 vel

232 596 494 641 meritorium,
540 595 613 632 nisi
648 596 695 631 de
728 603 878 642 quanto
911 593 1091 641 procedit
1124 595 1171 629 ab
1212 593 1438 631 inordinata
1486 594 1544 630 vel

230 657 333 691 bona
366 655 580 690 voluntate.
628 656 674 689 Et
708 661 815 700 patet
849 652 955 699 quod
996 651 1137 687 falsum
1174 651 1408 698 assumitur3
1454 652 1545 688 licet

231 714 350 749 homo
374 712 647 760 equivocando
670 719 782 747 vocet
805 710 1028 757 symoniam
1060 722 1159 756 opus
1184 709 1461 753 extrinsecum,
1495 711 1543 746 ad

231 770 399 819 primam
436 768 788 805 confirmacionem
822 767 968 803 dicitur
1000 768 1107 815 quod
1141 780 1274 803 verum
1309 768 1544 804 assumitur:

231 829 333 864 unde
378 830 527 875 Symon
573 826 836 871 heresiarcha,
884 827 931 861 de
977 838 1055 873 quo
1093 826 1179 861 Act.
1217 826 1237 861 8
1279 838 1358 861 non
1402 826 1546 874 legitur

229 886 326 922 illud
360 887 509 922 donum
543 884 605 921 dei
639 886 686 921 de
720 885 823 921 facto
857 883 1012 926 emisse,
1053 884 1119 919 sed
1154 883 1380 920 inordinate
1415 897 1546 920 emere

229 943 409 980 voluisse.
443 944 730 979 Verumtamen
763 941 1030 978 communiter
1062 942 1330 989 perpetrando
1362 955 1462 990 opus
1487 955 1547 978 ex-

229 1002 443 1038 trinsecum
469 1009 680 1048 generatur
703 1000 931 1037 inordinata
964 999 1119 1035 x‘olucio
1153 1008 1189 1035 et
1222 1000 1382 1036 additur
1416 1000 1548 1036 multi-

230 1060 385 1108 pliciter
406 1072 551 1095 novum
576 1072 700 1107 genus
732 1058 899 1106 peccati,
934 1059 1042 1106 quod
1072 1057 1166 1105 quia
1189 1057 1428 1094 sensibiliter
1460 1059 1548 1106 plus

229 1127 345 1154 nocet
379 1117 556 1161 ecclesie,
590 1117 679 1153 ideo
712 1117 800 1164 plus
831 1118 936 1164 apud
962 1115 1142 1151 homines
1167 1124 1224 1151 est
1248 1115 1446 1163 punitum,
1481 1117 1547 1152 sed

231 1175 498 1213 communiter
523 1175 652 1211 minus
676 1188 796 1223 quam
822 1175 950 1210 debet.
978 1177 1034 1210 De
1057 1173 1125 1209 illa
1149 1173 1318 1210 materia
1341 1176 1547 1222 quomodo

231 1234 493 1271 extrinsecum
519 1242 705 1280 aggravat
731 1241 954 1281 peccatum,
989 1232 1139 1268 dictum
1165 1240 1221 1267 est
1244 1231 1350 1268 alibi.
1386 1234 1475 1277 Quo
1499 1233 1547 1269 ad

231 1293 449 1329 secundum
475 1291 638 1328 concedi
662 1292 779 1327 debet
811 1290 1025 1327 conclusio.
1062 1292 1162 1325 Nam
1196 1289 1319 1326 nichil
1342 1299 1398 1326 est
1423 1290 1549 1338 magis

232 1349 476 1387 contrarium
523 1362 632 1385 sacre
672 1349 881 1397 scripture,
927 1361 1048 1396 quam
1088 1347 1317 1384 inordinata
1351 1348 1548 1396 prefeccio

232 1421 399 1456 persone
432 1407 632 1454 inhabilis,
668 1416 707 1443 ut
731 1416 840 1455 patet
872 1406 979 1452 alibi,
1014 1406 1108 1454 quia
1131 1414 1173 1441 ut
1197 1405 1252 1442 sic
1276 1415 1454 1442 cassatur
1486 1407 1548 1443 dei

229 1466 436 1503 ordinacio
470 1466 509 1502 in
543 1465 689 1511 radice,
736 1465 824 1501 ideo
864 1473 945 1501 tam
986 1464 1112 1501 active
1146 1477 1268 1512 quam
1301 1464 1455 1512 passive
1489 1467 1551 1512 syss

234 1524 440 1561 moniacus
474 1532 530 1560 est
565 1523 746 1571 capitalis
780 1522 991 1569 hereticus,
1033 1531 1069 1559 et
1103 1521 1330 1570 specialiter
1362 1522 1440 1569 ille,
1481 1523 1547 1571 qui

232 1582 472 1619 docmatisat
503 1595 573 1630 per
605 1582 732 1618 bullas
771 1581 840 1617 tali
878 1580 1044 1617 inhabili
1084 1594 1167 1617 esse
1206 1580 1445 1616 beneficium
1488 1594 1549 1617 ec-

233 1640 498 1677 clesiasticum
533 1640 832 1685 conferendum,
871 1652 1007 1687 ymmo
1045 1638 1110 1675 ille
1143 1638 1211 1687 qui
1245 1638 1548 1675 docmatisando

233 1698 330 1734 illud
376 1698 594 1746 exequitur,
649 1706 692 1733 ut
736 1696 1002 1733 communiter
1049 1705 1140 1733 sunt
1192 1696 1338 1733 notarii
1392 1705 1428 1733 et
1481 1697 1546 1733 alii

234 1755 362 1793 vocati
387 1756 537 1802 iuriste,
573 1755 640 1804 qui
674 1755 899 1792 inordinate
934 1756 1008 1791 hoc
1032 1763 1281 1802 promovent.
1317 1756 1416 1791 Cum
1443 1754 1546 1791 enim

234 1814 409 1863 quelibet
442 1827 503 1851 res
543 1813 638 1850 dicit
671 1826 724 1860 se,
770 1814 919 1850 habens
965 1812 1187 1860 symoniam
1224 1812 1348 1849 eciam
1383 1814 1548 1849 abscon-

234 1885 318 1909 sam
353 1872 393 1908 in
426 1872 560 1909 anima
609 1881 651 1908 ut
683 1871 738 1908 sic
770 1872 866 1908 false
911 1870 1150 1908 docmatisat
1195 1870 1391 1918 scripture
1437 1884 1548 1907 sacre

234 1930 432 1967 contrarie
467 1939 502 1967 et
535 1929 712 1966 defendit
744 1929 967 1978 symoniam
1001 1942 1113 1965 suam
1148 1930 1219 1965 sub
1254 1928 1388 1976 aliquo
1422 1930 1546 1976 gradu

234 1988 451 2037 pertinacie
485 1987 611 2025 eciam
645 1987 675 2023 si
709 1987 861 2036 precise
906 1987 1159 2035 symoniacus
1199 1986 1247 2022 sit
1280 1999 1350 2034 per
1382 1987 1546 2023 instans.

235 2047 348 2083 Unde
380 2046 489 2082 nulla
522 2045 725 2082 conclusio
757 2045 981 2082 inculcatur
1014 2044 1189 2081 crebrius
1212 2044 1252 2080 in
1275 2045 1360 2092 lege
1384 2044 1548 2081 ecclesie

233 2105 293 2141 vel
337 2104 483 2140 sanctis
528 2103 757 2140 doctoribus
802 2116 922 2151 quam
969 2103 1057 2148 ista,
1112 2103 1219 2151 quod
1265 2102 1447 2150 symonia
1492 2112 1549 2139 est

234 2162 395 2208 heresis,
430 2163 477 2199 de
510 2175 589 2210 quo
622 2163 777 2209 gaudeo
810 2170 973 2209 propter
1005 2161 1083 2197 alia
1115 2174 1191 2209 que
1225 2169 1425 2197 secuntur.

292 2222 382 2266 Quo
415 2221 464 2257 ad
497 2219 665 2256 tercium
690 2219 836 2256 dicitur
859 2220 966 2267 quod
990 2218 1214 2255 katholicus
1238 2218 1415 2266 loquitur
1439 2218 1548 2267 equi-

233 2291 329 2315 voce
362 2279 410 2314 de
442 2286 607 2326 peccato
646 2278 706 2314 vel
744 2277 966 2314 formaliter
999 2277 1059 2313 vel
1098 2276 1383 2323 deformaliter,
1424 2285 1461 2313 et
1494 2276 1549 2313 sic

234 2349 353 2373 omne
386 2344 595 2384 peccatum
630 2345 686 2372 est
719 2336 895 2372 defectus
929 2344 966 2372 et
997 2348 1078 2371 non
1109 2334 1244 2383 aliqua
1274 2343 1457 2371 creatura
1490 2335 1550 2371 vel

178 2400 192 2431 ’3
235 2394 507 2440 materialiter,
526 2403 562 2430 et
580 2394 635 2430 sic
654 2403 765 2430 actus
779 2394 840 2430 vel
859 2393 1015 2430 habitus
1030 2392 1281 2429 inordinatus
1297 2392 1442 2428 dicitur
1460 2405 1550 2441 pec-

235 2461 382 2499 catum,
415 2465 550 2500 ymmo
583 2460 794 2500 peccatum
818 2451 1035 2500 aliquando
1059 2450 1255 2498 accipitur
1276 2463 1348 2498 pro
1371 2450 1549 2487 subiecto

303 2571 323 2590 1.
345 2563 425 2590 enim
441 2571 498 2591 om.
514 2562 566 2599 df;
586 2563 624 2590 ib.
641 2563 813 2599 symoniam
829 2563 858 2590 Ιι.
915 2570 937 2589 2,
961 2562 1137 2590 inordinata
1157 2569 1239 2589 corr.
1255 2569 1293 2588 ex
1312 2560 1489 2588 inordinato
1510 2561 1548 2593 d,-

234 2597 271 2624 ad
292 2597 464 2625 inordinate
484 2607 526 2634 ἕ,-
545 2597 722 2625 inordinato
742 2598 762 2625 i.
843 2606 876 2625 11.
898 2606 924 2623 v·
940 2597 1009 2624 licio
1030 2597 1132 2624 ceteri.
1207 2603 1245 2623 12.
1267 2596 1298 2623 in
1318 2599 1403 2623 textu
1424 2604 1548 2629 nomen,

233 2632 275 2659 al.
291 2640 327 2660 m.
349 2640 463 2660 novum
483 2641 521 2666 α,·
540 2640 611 2660 nov.
632 2633 746 2668 om.f;
765 2633 846 2668 quod
870 2640 927 2659 om.
949 2632 1027 2660 hdei.
1085 2630 1122 2659 13.
1145 2631 1286 2666 punitum
1307 2631 1348 2657 al.
1370 2639 1407 2657 m.
1428 2630 1550 2665 exposi-

234 2666 331 2694 tivu'm
346 2674 429 2694 corr.
445 2675 474 2694 a.
531 2675 572 2701 14.
589 2675 718 2703 quepro
733 2667 892 2702 quomodo
907 2667 937 2700 i‚·
956 2675 1061 2701 quom.
1077 2674 1156 2701 opus
1172 2665 1298 2692 extritis.
1314 2664 1342 2692 d.
1400 2665 1439 2692 18.
1457 2665 1550 2699 igitur

234 2701 306 2736 quia
324 2709 379 2736 ag.
452 2708 498 2729 22.
518 2702 592 2729 illud
604 2701 658 2737 flz,
679 2702 760 2729 idem
781 2702 883 2729 celeri.
964 2701 1004 2728 25.
1027 2700 1241 2728 absconditam
1263 2700 1282 2727 ἰ.
1362 2707 1406 2733 27.
1428 2704 1548 2726 coutra-

236 2735 314 2763 rium
330 2735 350 2763 ἰ.
406 2736 451 2763 28.
468 2736 586 2771 precise
600 2736 654 2769 clz,·
668 2745 722 2772 per
736 2745 767 2763 se
778 2745 838 2772 pro
853 2736 970 2772 precise
983 2735 1081 2771 abfg;
1097 2735 1214 2769 precise
1228 2742 1310 2762 corr·
1327 2742 1365 2761 ex
1380 2742 1433 2769 per
1449 2734 1551 2770 sede,-

234 2771 264 2798 in
280 2773 363 2798 textu
378 2779 470 2806 pree„
490 2771 531 2798 al.
545 2779 583 2797 m.
599 2779 653 2806 per
667 2780 698 2798 se
712 2771 731 2798 i.
796 2770 836 2799 31.
852 2779 914 2806 pro
929 2770 1064 2805 gaudeo:
1087 2774 1209 2797 transeo
1224 2768 1351 2805 abdfgz'.
1412 2768 1454 2796 32.
1478 2770 1548 2803 Quo

235 2813 293 2832 om.
320 2805 358 2837 l1,·
386 2805 498 2832 dicitur
523 2813 571 2832 om
611 2805 649 2839 cd
667 2814 699 2841 g,
729 2806 770 2833 al.
800 2814 837 2833 m.
868 2813 907 2838 a,·
938 2805 1099 2840 theologus
1130 2805 1171 2831 al.
1201 2812 1238 2831 m.
1266 2812 1306 2836 a;
1337 2803 1497 2835 theologus
1528 2804 1547 2829 i.

235 2838 278 2867 33.
301 2839 364 2867 sive
380 2847 441 2874 pro
462 2840 506 2866 vel
528 2840 548 2866 i.
640 2841 685 2874 ⁴4.
707 2841 744 2868 ab
765 2841 867 2876 aliqua
887 2848 979 2867 causa
999 2840 1044 2866 vel
1066 2839 1179 2871 celeris
1198 2838 1219 2866 d
1236 2839 1268 2866 in
1288 2840 1372 2866 textu
1392 2841 1425 2865 ut
1443 2842 1547 2872 ceterz,

236 2875 277 2902 al·
298 2883 335 2901 m.
358 2877 390 2902 ιιί
408 2875 445 2906 Ιι,·
465 2873 592 2901 materia
611 2874 637 2902 b.
709 2873 756 2903 36.
777 2875 897 2910 capitur
915 2882 968 2910 ag,
991 2874 1124 2901 sumitur
1143 2881 1167 2901 c.

306 2934 338 2966 8.
367 2937 440 2966 Act.
466 2935 498 2974 ὅ,
529 2933 580 2966 18,

1622 492 1768 518 Answer:

1601 529 1630 553 ιι)
1652 527 1727 553 Acls
1748 536 1797 555 are

1590 561 1669 594 good
1692 570 1727 588 or
1746 564 1802 590 cxi}

1588 596 1753 631 according
1775 602 1804 624 [o

1637 636 1761 659 molire.

1596 828 1743 863 Exumple
1764 833 1793 857 ol

1573 863 1680 890 Simon
1706 864 1821 899 Magus.

1588 1248 1614 1282 li)
1636 1248 1766 1283 Simwuy
1788 1248 1813 1274 is

1607 1284 1714 1318 lieresy
1735 1283 1793 1309 :uid

1582 1319 1701 1379 again¹st
1722 1318 1819 1344 God's

1679 1361 1735 1379 axv.

1588 2235 1612 2267 c)
1634 2233 1701 2260 The
1722 2238 1768 2260 acl
1789 2233 1814 2260 is

1577 2267 1707 2303 posi¹ive
1730 2268 1781 2295 but
1802 2268 1823 2295 it

1623 2302 1648 2329 is
1669 2303 1785 2338 always

1565 2337 1706 2364 attended
1730 2337 1768 2373 by
1788 2337 1838 2364 the

1588 2372 1685 2400 defect
1704 2372 1739 2399 of
1756 2372 1813 2399 sin.
