2002 3359
198 1629 235 1650 10

197 1910 232 1943 15

193 2212 234 2234 20

193 2492 232 2524 25

635 843 749 893 DE
797 842 1186 895 SIMONIA.

817 1053 942 1094 CAP.
979 1054 1007 1093 Ι.

311 1151 403 1185 Post
446 1150 671 1197 generalem
716 1162 941 1185 sermonem
982 1150 1029 1185 de
1069 1149 1195 1185 heresi
1237 1158 1357 1186 restat
1396 1151 1443 1186 de
1482 1149 1565 1187 eius

251 1207 429 1255 partibus
453 1209 794 1255 pertractandum.
810 1209 908 1244 Tres
931 1217 1063 1244 autem
1089 1216 1179 1244 sunt
1199 1208 1393 1244 maneries
1418 1209 1565 1245 heresis

251 1266 338 1313 plus
372 1266 540 1302 famose:
585 1265 735 1302 scilicet
779 1265 972 1313 symonia,
1018 1265 1218 1313 apostasia
1263 1275 1300 1302 et
1345 1267 1563 1312 blasfemia,

250 1336 322 1359 nec
355 1323 653 1371 distinguuntur
691 1323 765 1360 ista
801 1336 843 1360 ex
882 1323 1080 1372 opposito,
1121 1337 1211 1360 cum
1251 1333 1332 1361 tam
1372 1324 1564 1361 virtutum

252 1394 371 1429 quam
410 1381 604 1418 viciorum
649 1381 798 1430 species
843 1381 919 1418 sint
959 1394 1144 1420 connexe.
1201 1382 1392 1419 Raciones
1431 1392 1566 1420 tamen

251 1439 410 1476 illorum
444 1439 760 1488 distinguuntur:
806 1453 895 1476 cum
930 1440 1129 1488 apostasia
1162 1439 1210 1476 sit
1243 1441 1480 1488 generaliter
1512 1454 1569 1477 se-

252 1499 426 1533 cundum
467 1497 667 1535 racionem
708 1511 786 1546 qua
826 1499 946 1534 homo
980 1511 1002 1535 a
1035 1498 1224 1546 religione
1258 1499 1320 1535 dei
1355 1499 1568 1545 exorbitat,

252 1556 458 1592 blasfemia
502 1558 719 1592 secundum
766 1556 967 1592 racionem
1013 1570 1091 1605 qua
1124 1556 1259 1592 virtuti
1307 1557 1368 1593 dei
1413 1557 1569 1606 inponit

252 1614 543 1662 calumpniam,
568 1616 635 1650 sed
656 1614 837 1662 symonia
860 1616 1078 1650 secundum
1102 1614 1305 1651 racionem
1327 1629 1406 1663 qua
1428 1615 1569 1652 nititur

251 1672 552 1708 ordinacionem
587 1672 648 1708 dei
683 1673 944 1720 dirrumpere.
980 1675 1027 1708 Et
1060 1672 1115 1708 sic
1148 1685 1218 1721 per
1250 1673 1367 1710 istam
1401 1673 1568 1721 triplici-

251 1738 372 1766 tatem
417 1739 501 1767 tota
544 1730 700 1767 trinitas
745 1740 803 1767 est
846 1731 1014 1767 offensa:
1060 1743 1130 1778 per
1173 1731 1415 1779 apostasiam
1463 1734 1568 1768 Deus

250 1797 374 1835 pater,
400 1789 467 1836 qui
489 1790 708 1825 secundum
734 1789 967 1837 religionem
994 1790 1184 1825 mundam
1205 1798 1242 1826 et
1264 1789 1567 1826 immaculatam

249 1855 434 1893 potenter
465 1846 606 1895 religat
628 1859 815 1895 sponsam
839 1847 912 1883 sibi
930 1847 1097 1891 Christi3
1122 1848 1217 1883 deus
1242 1848 1358 1893 filius,
1386 1848 1453 1896 qui
1477 1861 1567 1884 cum

249 1903 298 1940 sit
336 1904 459 1941 virtus
499 1905 561 1941 dei
602 1914 638 1941 et
678 1905 739 1941 dei
779 1905 993 1953 sapiencia,
1032 1918 1102 1953 per
1140 1907 1355 1942 secundam
1397 1906 1565 1942 heresim

251 1962 412 1999 cottidie
445 1963 724 2009 blasfematur;
764 1972 800 1999 et
840 1964 935 1999 deus
968 1963 1129 2011 spiritus
1162 1973 1334 2009 sanctUS,
1375 1964 1443 2012 qui
1476 1977 1566 2001 curn

249 2033 292 2056 ex
325 2033 483 2057 summa
515 2020 757 2069 benignitate
790 2021 990 2069 sapienter
1021 2021 1180 2058 ordinat
1212 2022 1378 2069 pacifice
1402 2024 1566 2058 domum

249 2091 376 2125 suam,
417 2091 461 2115 ex
492 2079 687 2127 pravitate
720 2079 950 2127 symoniaca
982 2079 1232 2115 ordinacioni
1266 2092 1333 2116 sue
1367 2080 1567 2117 contraria

249 2136 440 2173 irritatur.
466 2137 728 2185 Symoniacus
750 2137 855 2173 enim
881 2137 1065 2173 resistens
1088 2137 1244 2185 spiritui
1267 2147 1404 2174 sancto
1427 2138 1568 2175 nititur

250 2194 370 2231 istum
393 2195 575 2231 ordinem
595 2195 809 2243 benignum
829 2196 1018 2232 blasfeme
1037 2195 1250 2232 dissolvere
1274 2205 1310 2232 et
1334 2196 1389 2232 sic
1412 2209 1564 2244 pacem.

251 2254 363 2290 Unde
397 2266 487 2289 curn
520 2254 739 2290 secundum
772 2253 948 2290 veritatis
981 2253 1255 2290 testimonium
1283 2263 1493 2302 peccatum
1526 2254 1566 2291 in

249 2311 433 2359 spiritum
478 2321 660 2348 sanctum
705 2311 754 2347 sit
793 2311 1064 2348 irremissibile
1103 2321 1185 2348 tam
1229 2312 1270 2348 in
1314 2313 1389 2349 hoc
1432 2313 1566 2349 seculo

249 2382 370 2417 quam
409 2369 449 2405 in
488 2370 634 2416 futuro,
673 2371 722 2406 ab
760 2369 828 2406 illo
861 2370 1018 2406 videtur
1050 2369 1213 2418 dignum
1247 2370 1435 2418 incipere,
1475 2384 1565 2407 cum

249 2427 430 2475 symonia
458 2427 508 2464 sit
536 2428 647 2476 lepra
675 2441 796 2476 quam
827 2440 870 2464 ex
897 2437 1040 2465 natura
1074 2428 1202 2464 morbi
1236 2437 1273 2464 et
1305 2428 1566 2466 induracione

249 2485 331 2521 eius
361 2485 550 2523 continua
579 2485 824 2534 impossibile
849 2495 906 2522 est
928 2486 1002 2522 nisi
1029 2499 1099 2534 per
1122 2486 1326 2523 insolitum
1361 2487 1423 2523 dei
1447 2487 1566 2524 mira-

317 2617 346 2642 4.
369 2609 483 2636 scilicet
501 2617 559 2636 om.
581 2609 600 2637 i.
686 2610 714 2638 6.
736 2609 798 2637 sint
817 2609 884 2644 deh,
906 2614 977 2637 sunt
997 2610 1100 2637 ceteri.
1191 2618 1216 2644 7.
1237 2610 1361 2637 illorum
1383 2610 1412 2644 Ιι,
1433 2609 1565 2637 istorum

249 2643 352 2670 celeri.
431 2643 458 2672 8.
480 2645 604 2679 regione
624 2643 672 2671 dei
692 2644 710 2671 Ιι
731 2645 840 2672 solum.
925 2652 954 2675 1).
976 2653 1036 2680 qua
1057 2646 1151 2672 homo
1173 2644 1332 2680 abcdefgi.
1424 2653 1458 2678 11,
1474 2653 1512 2672 12.
1534 2645 1565 2671 in

249 2680 332 2705 textu
352 2677 604 2714 desfinccionem,
625 2679 690 2706 alia
708 2687 802 2706 manu
821 2676 1031 2714 triplicitatem
1052 2688 1092 2713 c1,·
1120 2680 1272 2715 triplicem
1294 2679 1329 2712 b;
1358 2679 1388 2706 in
1409 2682 1493 2707 textu
1512 2679 1566 2706 tri-

250 2713 359 2748 plicem
389 2713 634 2747 distinccionem,
665 2714 706 2741 al.
728 2722 765 2742 m,
795 2714 1003 2749 triplicitatem
1024 2714 1064 2747 d‚·
1092 2714 1123 2741 in
1152 2717 1235 2742 textu
1263 2714 1427 2749 triplicem,
1457 2715 1499 2741 al.
1527 2722 1564 2741 m.

248 2747 322 2774 add.
344 2746 528 2775 divisionem
539 2748 583 2784 f;
602 2748 811 2783 triplicitatem
833 2757 946 2780 rasum,
966 2749 1007 2776 al.
1029 2757 1066 2776 m.
1089 2749 1325 2777 distinccionem
1344 2757 1376 2784 g.
1457 2757 1499 2782 14.
1521 2757 1566 2776 re-

248 2782 321 2820 ligat
340 2782 368 2815 Ιι,
389 2782 462 2817 ligat
481 2783 585 2817 ceteri,
606 2782 721 2810 Christi
743 2783 756 2810 i
770 2784 878 2811 solum.
999 2783 1036 2811 15.
1059 2784 1226 2811 secundam
1248 2783 1361 2811 dictam
1381 2783 1514 2811 heresim
1536 2783 1564 2810 ci.

249 2821 290 2845 10.
312 2817 364 2852 qui
384 2825 442 2844 om.
463 2817 491 2844 h.
570 2826 609 2853 17.
631 2818 756 2853 pacifice
775 2826 832 2846 om.
855 2818 874 2846 i.
961 2825 1008 2852 24.
1030 2819 1114 2854 lepra
1135 2822 1291 2846 contracta
1313 2827 1348 2845 ex
1368 2818 1388 2852 i,
1409 2823 1565 2846 contracta

248 2859 267 2879 a
288 2852 319 2879 in
340 2860 468 2879 rasura.
540 2852 584 2880 25.
607 2852 672 2879 eius
691 2853 846 2880 contraria
867 2853 887 2880 i.

322 2934 375 2956 21.
402 2923 454 2955 Cf.
481 2923 599 2956 Matth.
631 2934 680 2965 12,
709 2925 762 2957 32.

1618 1157 1720 1186 Three
1740 1158 1819 1186 chief

1583 1193 1676 1232 kinds
1688 1194 1723 1221 of
1739 1192 1858 1230 heresy;

1653 1236 1787 1264 S1m0ny,

1607 1268 1755 1325 apostasy
1775 1264 1833 1291 and

1647 1298 1819 1333 lasphemy,

1599 1334 1766 1361 connected
1790 1334 1841 1361 but

1651 1368 1786 1396 distinct.

1598 2145 1666 2173 Tlle
1686 2145 1838 2174 simoniae

1598 2180 1671 2208 tries
1691 2185 1721 2208 to
1744 2182 1835 2209 break

1610 2215 1703 2243 down
1725 2215 1824 2244 God's

1666 2250 1768 2279 order.
