2002 3359
188 956 225 976 IO

188 1235 224 1267 15

187 2104 230 2136 30

239 300 414 358 CAP.1V.]
752 314 811 346 DE
839 312 1040 346 slMONm.

240 421 335 470 quid
357 420 513 468 unccio,
548 420 643 469 quid
674 420 907 457 indumenta
936 419 1032 460 eius,
1067 419 1272 456 conferens
1296 419 1399 455 intra
1422 431 1552 455 sacra-

239 480 341 517 rium
376 479 507 517 cordis
539 479 598 516 sui
632 479 756 527 possit
789 479 1018 515 adverteres

297 540 351 574 Ex
395 537 470 574 isto
515 537 621 574 dicto
667 537 807 573 morali
854 535 969 572 huius
1014 535 1139 572 sancti
1184 544 1296 583 potes
1334 536 1552 580 advertere,

240 605 434 644 quantum
469 595 634 632 ecclesia
666 607 850 642 perversa
873 603 931 630 est
954 594 1090 635 hodie;
1124 593 1220 629 olim
1254 593 1358 629 enim
1384 592 1457 629 fuit
1479 593 1552 638 lex,

241 655 347 702 quod
380 654 439 690 vel
465 655 560 690 deus
592 652 797 693 limitaret,
830 652 890 688 vel
913 652 1085 700 populus
1118 651 1359 699 regulandus
1393 650 1554 698 eligeret

241 712 313 748 sibi
348 713 595 748 sacerdotem
629 710 708 747 sive
732 710 977 758 episcopum.
1013 710 1090 746 Sed
1113 710 1233 745 modo
1266 709 1555 756 precluduntur

242 782 382 806 manus
426 768 668 817 simplicium
703 778 739 805 et
772 768 921 816 petitur
954 770 1157 804 Romanus
1191 767 1380 814 pontifex,
1420 779 1441 802 a
1475 779 1554 814 quo

241 836 377 863 emunt
411 835 632 863 mercantes
654 826 817 874 pessimi
841 835 921 862 tam
947 838 1091 873 corpus
1115 838 1235 873 quam
1261 825 1436 861 animam
1462 824 1555 859 sim-

240 885 401 933 plicium
438 898 460 921 a
492 884 651 921 diabolo
694 893 889 932 perpetuo
929 884 1211 927 cruciandum;
1255 884 1376 919 Judas
1420 891 1553 918 autem

241 952 439 979 mercatus
486 951 543 979 est
577 944 625 978 de
656 955 826 990 persona
860 941 1006 978 Christi
1039 941 1195 989 signata
1228 950 1265 977 et
1298 940 1446 988 precio,
1491 939 1553 975 isti

240 1010 373 1038 autem
408 1009 637 1037 mercantur
669 1000 835 1037 stulcius
867 1013 940 1044 pro
973 999 1051 1036 aris
1083 999 1247 1047 signatis
1277 1000 1323 1034 de
1347 998 1495 1046 populo
1519 1007 1556 1034 et

240 1059 374 1107 precio
412 1071 489 1107 que
521 1058 725 1106 ignorant:
759 1071 831 1094 nec
859 1058 1039 1103 dubium,
1073 1057 1170 1105 quin
1199 1057 1400 1093 infinitum
1426 1056 1556 1091 minus

242 1118 392 1154 malum
426 1117 526 1153 foret
564 1129 712 1165 papam
750 1118 920 1152 vendere
961 1118 1101 1152 bovem
1141 1115 1261 1151 exteri
1305 1115 1365 1150 vel
1404 1114 1557 1150 iumen-

241 1184 339 1219 tum,
385 1175 479 1223 quia
511 1175 712 1211 infinitum
748 1174 874 1222 magis
906 1175 1001 1211 latet
1045 1173 1282 1222 periculum,
1328 1182 1365 1209 et
1399 1181 1557 1208 cecatus

240 1234 376 1281 laycus
421 1233 614 1269 auferenti
659 1234 799 1269 bovem
840 1233 898 1268 vel
943 1245 1104 1268 vaccam
1150 1231 1362 1277 resisteret,
1408 1231 1475 1266 sed
1509 1231 1556 1266 de

243 1291 492 1327 mercacione
525 1291 657 1327 anime
690 1303 758 1327 sue
790 1303 861 1338 per
893 1290 1172 1327 antichristum
1213 1289 1417 1325 seducitur
1450 1289 1557 1336 quod

242 1349 332 1386 licet
365 1349 438 1385 sibi
471 1350 518 1385 de
552 1349 639 1397 ipsa
683 1350 1048 1397 quomodocunque
1081 1347 1249 1383 voluerit
1293 1355 1556 1383 commutare.

243 1407 352 1444 Sicut
392 1407 497 1443 enim
538 1406 718 1443 Christus
757 1406 957 1443 commisit
998 1408 1113 1442 Petro
1153 1405 1307 1442 animas
1347 1406 1556 1449 curandas,

242 1465 296 1502 ita
337 1465 474 1501 dicunt
512 1464 705 1513 implicite
750 1466 857 1513 quod
897 1464 1154 1501 antichristus
1193 1463 1351 1500 comisit
1388 1464 1558 1511 pseudo-

242 1536 344 1571 pape
368 1523 521 1560 animas
545 1523 822 1571 captivandas;
847 1532 883 1558 et
906 1531 1013 1558 totus
1036 1522 1208 1570 populus
1230 1521 1271 1557 in
1293 1521 1368 1557 isto
1392 1520 1558 1569 negocio

243 1590 300 1617 est
322 1591 403 1617 tam
437 1581 636 1617 inmemor
668 1581 805 1617 salutis
837 1580 1011 1629 proprie,
1046 1581 1152 1628 quod
1176 1593 1248 1628 pro
1273 1579 1357 1615 iure
1382 1580 1558 1615 humano

242 1639 454 1687 temporali
499 1648 620 1675 staret
664 1640 854 1675 audacter
897 1651 1022 1686 usque
1062 1639 1111 1674 ad
1152 1646 1336 1683 mortem,
1380 1638 1447 1673 sed
1486 1650 1558 1685 pro

242 1697 327 1733 iure
361 1697 493 1733 divino
526 1696 733 1745 utriusque
766 1706 907 1733 nature
940 1696 1101 1744 proprie
1132 1709 1213 1732 non
1242 1697 1406 1732 auderet
1440 1704 1559 1743 caput

243 1755 413 1803 erigere:
459 1756 508 1791 ad
541 1764 696 1791 tantum
730 1755 835 1791 enim
869 1754 1065 1791 excecavit
1104 1762 1341 1802 procurator
1374 1752 1558 1790 Lucifieri

243 1814 399 1861 plebem
448 1812 522 1849 dei.
576 1815 678 1849 Nam
726 1813 890 1861 planum
940 1821 1010 1857 est,
1063 1813 1171 1860 quod
1217 1825 1322 1860 papa
1371 1821 1453 1848 tam
1502 1811 1559 1847 in-

243 1871 426 1907 ordinate
469 1884 549 1907 non
593 1871 742 1919 aspirat
775 1872 824 1907 ad
863 1870 1153 1919 providendum
1193 1870 1324 1918 regnis
1368 1882 1444 1918 que
1488 1882 1560 1905 nec

243 1929 371 1966 noscit
393 1942 465 1965 nec
488 1928 629 1977 diligit,
654 1930 701 1965 de
725 1929 884 1974 curatis,
909 1937 1074 1977 propter
1096 1940 1275 1965 amorem
1300 1940 1417 1976 quem
1443 1928 1561 1964 habet

244 1988 293 2024 ad
327 1987 493 2033 animas,
535 1988 602 2023 sed
634 1995 799 2035 propter
831 1986 1154 2023 dominacionem
1194 1985 1445 2022 luciferinam
1480 1998 1559 2033 qua

244 2045 395 2093 appetit
418 2045 523 2093 ipsas
546 2044 772 2093 opprimere
797 2054 833 2081 et
855 2053 1019 2093 propter
1036 2045 1192 2080 lucrum
1217 2056 1381 2080 suorum
1405 2053 1561 2091 tempo-

244 2103 402 2147 ralium,
448 2104 556 2151 quod
602 2102 926 2139 consideracione
970 2102 1108 2139 salutis
1147 2101 1370 2150 postposita
1404 2113 1559 2138 summe

244 2160 345 2207 sitit;
379 2160 494 2197 aliter
526 2160 631 2197 enim
665 2160 772 2197 iuxta
805 2160 1029 2197 doctrinam
1064 2159 1170 2197 beati
1202 2160 1383 2208 Gregorii
1415 2173 1423 2195 1
1465 2172 1560 2207 que-

244 2219 371 2255 stione
388 2221 426 2265 6,
443 2231 528 2267 cap.
548 2219 653 2255 Sicut
669 2219 712 2265 is,
728 2218 901 2255 abiceret
917 2231 1021 2262 eum,
1034 2218 1101 2267 qui
1117 2218 1331 2266 inportune
1347 2231 1387 2254 se
1402 2217 1560 2266 ingerit,

316 2351 335 2369 1.
361 2341 392 2369 in
419 2341 551 2380 adventu
573 2350 635 2377 pro
655 2342 837 2370 indumenta
856 2342 949 2378 bqu5
974 2342 1005 2369 in
1026 2344 1110 2369 textu
1130 2341 1160 2368 in
1182 2341 1324 2371 adventu,
1350 2341 1391 2368 al.
1413 2349 1452 2368 m.
1474 2340 1562 2368 indu-

246 2381 347 2404 menta
367 2376 418 2406 ad.
443 2384 473 2404 in
494 2376 658 2404 adventam
685 2385 721 2410 ε,-
745 2377 825 2404 intra
852 2377 1021 2404 sacrarium
1049 2377 1079 2404 in
1107 2384 1220 2403 rasura
1247 2384 1277 2408 α,
1306 2376 1479 2403 necessaria
1501 2383 1561 2411 pro

246 2411 324 2450 intra
344 2411 453 2447 hcqu;
479 2419 561 2438 corr.
585 2412 616 2440 in
635 2412 716 2439 intra
734 2412 764 2446 d,
786 2417 926 2439 sanctum
944 2420 1003 2446 pro
1025 2411 1194 2438 sacrarium
1215 2411 1281 2447 bgfg,
1304 2419 1387 2438 corr.
1409 2411 1441 2438 in
1463 2418 1562 2437 sacra-

247 2454 325 2473 rium
346 2446 375 2473 d.
474 2444 498 2473 3.
520 2445 566 2472 Ex
584 2462 618 2466 -
638 2446 796 2474 advertere
816 2454 873 2474 om.
895 2446 973 2482 bcqf,
992 2447 1032 2473 al.
1056 2454 1092 2472 m.
1114 2446 1191 2472 ad«.
1282 2446 1305 2473 5.
1327 2446 1372 2472 vel
1395 2448 1467 2472 ante
1487 2445 1562 2472 deus

245 2481 286 2507 al.
307 2489 349 2519 ⁷²32
366 2489 396 2514 a,
417 2488 475 2519 olm.
496 2481 573 2520 hcqf.
629 2489 656 2517 7.
679 2481 867 2517 simplicium
889 2482 930 2508 nl.
946 2489 973 2508 m
998 2481 1050 2514 ad,
1071 2488 1130 2507 om.
1150 2467 1209 2516 ἧς·
1228 2480 1265 2508 ih.
1286 2480 1444 2507 Romanus
1466 2487 1524 2507 om.
1540 2480 1562 2513 i,

247 2517 383 2549 pontltex
403 2515 478 2542 alias
498 2523 664 2551 episcopus
685 2517 712 2547 b,
732 2515 897 2551 episcopus
918 2516 1024 2543 ceteri.
1139 2523 1167 2550 9.
1189 2520 1339 2550 perpetuo
1360 2522 1408 2541 om
1441 2515 1469 2545 i‚·
1494 2523 1561 2542 cru-

245 2550 389 2577 ciandum
405 2550 536 2588 lucorr.
553 2557 591 2577 ex
605 2550 788 2578 cruciandas
802 2550 831 2582 d,
845 2550 1028 2578 cruciandas
1043 2550 1138 2577 celeri
1221 2557 1329 2577 10—12.
1352 2549 1521 2585 significata
1536 2557 1561 2583 c,

244 2585 274 2611 ιἰι
307 2587 390 2622 textzq
421 2593 518 2619 mgna,
550 2585 592 2611 αἱ.
625 2593 662 2612 m.
697 2585 816 2620 signata
848 2585 878 2617 Ῐι,
915 2585 965 2612 isti
996 2601 1031 2604 —
1064 2584 1167 2620 precio
1205 2584 1237 2611 in
1269 2592 1370 2620 marg.
1403 2584 1501 2611 addit.
1534 2584 1561 2610 b.

246 2626 283 2646 ιε.
312 2627 410 2654 magls
429 2619 500 2655 dfg,
528 2619 631 2647 minus
651 2620 756 2647 ceteri.
866 2618 904 2647 13.
932 2621 962 2647 in
989 2622 1074 2647 textu
1104 2627 1228 2655 papam,
1257 2619 1299 2646 al.
1328 2627 1365 2646 m.
1392 2618 1496 2654 ipsum
1523 2626 1563 2649 α,-

247 2661 358 2689 papam
379 2653 460 2683 been,
485 2654 590 2688 ipsum
616 2655 731 2688 ceteri‚·
758 2653 852 2682 exteri
880 2654 949 2689 cdh,
975 2654 1021 2681 exi
1043 2654 1084 2689 qs,
1112 2661 1171 2681 om.
1192 2662 1224 2690 g,
1244 2653 1370 2688 {Christi
1385 2661 1446 2689 pro
1467 2653 1561 2680 exteri

246 2688 286 2715 al.
308 2696 345 2715 m.
366 2695 406 2720 α,·
427 2687 543 2716 Christi
563 2689 668 2716 ceteri.
734 2697 775 2721 14.
798 2688 898 2716 maius
918 2689 984 2722 eelz,
1005 2689 1104 2724 magis
1125 2689 1229 2716 ceteri.
1298 2687 1333 2715 15.
1355 2688 1520 2715 aufferente
1541 2688 1560 2714 i.

245 2730 284 2750 21.
305 2727 351 2750 est
370 2730 428 2749 om.
450 2723 470 2749 i.
534 2730 578 2750 22.
599 2723 762 2759 temporali
783 2723 803 2750 i.
867 2722 911 2751 23.
935 2723 1026 2751 audet
1045 2724 1074 2751 lz.
1140 2731 1188 2758 24.
1209 2722 1364 2750 excecavit
1383 2722 1562 2757 procuravit

246 2761 430 2796 procurator
459 2757 479 2785 i.
537 2791 554 2797 ..
613 2757 657 2785 28.
688 2758 719 2786 in
749 2761 833 2786 textu
863 2758 1081 2794 donacionem,
1109 2758 1151 2786 al.
1181 2766 1218 2786 m.
1249 2757 1499 2785 dominacionem
1529 2765 1559 2784 α.

246 2791 285 2820 31.
313 2793 392 2830 beati
414 2791 475 2820 Gre
498 2799 557 2819 orn
583 2791 663 2827 ceflz,
692 2792 771 2821 beati
796 2801 854 2821 om.
883 2793 987 2821 ceteri.
1083 2791 1127 2820 32.
1154 2800 1220 2827 cap.
1242 2792 1261 2820 h
1280 2792 1398 2825 solum‚·
1426 2791 1464 2819 ib.
1493 2791 1562 2827 quis

242 2834 304 2862 pro
330 2835 356 2854 is
381 2826 442 2865 abi,
470 2834 486 2854 a
510 2826 614 2854 iecerit
638 2826 699 2854 ade
717 2835 750 2863 g,
778 2827 895 2856 abierat
913 2828 939 2862 b,
967 2826 1114 2855 abiacerit
1133 2835 1166 2860 c;
1193 2827 1223 2855 in
1243 2829 1330 2855 textu
1349 2827 1441 2862 enirn,
1461 2827 1501 2854 al.
1523 2834 1561 2854 m.

247 2870 316 2889 cum
337 2869 366 2892 a,
393 2868 476 2889 enlm
496 2861 580 2897 bcfg,
600 2869 659 2889 om.
701 2883 708 2889 .

317 2933 370 2965 31.
398 2932 501 2975 Corp.
527 2933 590 2966 iur.
617 2943 691 2965 can.
718 2934 741 2974 Ι,
766 2933 833 2975 425
862 2934 906 2975 (c.
933 2935 963 2974 3,
991 2933 1028 2965 C.
1053 2944 1080 2974 1,
1106 2943 1140 2975 q.
1166 2931 1214 2975 6).

1594 540 1661 567 The
1682 541 1731 567 old
1755 541 1818 567 rule

1585 583 1649 602 was
1669 576 1734 603 that
1755 575 1824 601 God

1575 610 1686 637 should
1707 609 1838 644 appoint

1591 653 1626 672 οι·
1647 645 1696 671 the
1718 645 1826 679 people

1600 679 1709 707 should
1731 679 1815 706 elect.
