2002 3359
165 337 216 372 24
887 332 1109 363 ior-rxNNis
1136 333 1321 363 WYCLJF
1600 321 1704 377 [cruz
1730 331 1763 357 n.

453 442 499 476 de
523 439 703 488 symonia
728 439 764 474 in
789 438 1004 485 ewangelio
1029 438 1249 473 fundatum.
1286 440 1365 474 Nec
1400 448 1454 474 est
1489 439 1608 483 racio,
1643 452 1765 487 quare

452 498 541 534 licet
565 499 740 533 laborem
772 497 1020 543 corporalem
1051 495 1297 543 impendere,
1332 496 1520 532 dictando
1554 510 1763 544 personam

453 556 610 592 racione
626 554 789 590 ecclesie
807 556 973 589 Romam
994 553 1115 599 adire,
1133 553 1229 601 quin
1248 553 1468 589 coloracius
1486 554 1579 590 licet
1599 568 1765 602 persone

453 615 538 661 plus
556 612 675 649 habili
686 612 865 648 conferre
876 611 983 647 domi
995 620 1165 659 patrono
1177 620 1331 647 tantum
1344 620 1420 647 tem
1429 612 1765 659 poralequiecius,

452 684 540 707 cum
553 670 770 718 occupacio
780 669 1034 717 domiquieta
1049 670 1097 705 ad
1115 669 1379 705 ministerium
1397 670 1458 705 dei
1475 671 1562 717 plus
1578 670 1764 717 disponit.
1782 672 1797 703 5

510 731 551 764 ln
584 728 659 764 isto
690 728 859 773 videtur,
894 740 983 763 cum
1017 740 1135 763 nemo
1177 726 1297 763 sumit
1342 727 1415 763 sibi
1462 729 1651 763 honorem
1698 729 1765 764 sed

453 786 519 834 qui
553 795 718 822 vocatur
757 798 778 821 a
817 786 891 821 deo
929 794 1134 832 tamquam
1168 786 1315 831 Aaron,
1349 786 1455 833 quod
1488 785 1567 822 sive
1600 785 1765 822 clericus

453 845 583 890 vadat,
618 844 698 880 sive
732 843 864 879 mittat
889 843 1014 879 eciam
1039 842 1177 879 rotulis
1201 842 1424 878 studiorum
1450 844 1498 879 ad
1522 856 1667 891 papam
1693 857 1765 891 pro

454 902 655 938 beneficiis
689 900 979 945 ecclesiasticis,
1014 909 1056 936 ut
1089 900 1144 936 sic
1177 913 1216 936 se
1251 901 1380 948 ipsum
1415 902 1464 937 ad
1498 901 1762 938 ministerium

453 960 515 996 dei
540 959 770 1007 indisponit.
795 959 909 995 Multi
933 968 1067 995 tamen
1090 967 1171 994 tam
1191 958 1403 1005 scolastici,
1428 972 1547 1007 quam
1565 959 1765 1007 simplices
1786 970 1823 991 10

455 1017 661 1065 presbiteri
708 1025 797 1065 post
842 1018 960 1053 talem
1007 1016 1176 1052 heresim
1223 1016 1493 1064 symoniacam
1540 1030 1609 1064 per
1660 1017 1764 1054 viam

454 1075 710 1112 contricionis
744 1084 780 1111 et
814 1074 1022 1110 ministerii
1056 1074 1115 1109 sui
1149 1074 1433 1121 complecionis
1467 1088 1509 1111 ex
1542 1074 1604 1111 dei
1634 1075 1767 1122 gracia

219 1131 387 1198 ¹¹¹³:Jffissi'1‘u‘qv'1
453 1142 543 1169 sunt
595 1132 763 1181 purgati.
821 1134 897 1169 Sed
946 1133 1177 1168 reddeundo
1226 1133 1273 1168 ad
1329 1132 1492 1168 dubium
1546 1132 1766 1180 principale

213 1204 388 1234 pan-onage
453 1191 608 1227 videtur
642 1190 762 1226 michi
795 1189 970 1231 indubie,
1012 1191 1117 1237 quod
1152 1189 1422 1237 periculosum
1463 1199 1520 1226 est
1558 1191 1764 1226 dominum

453 1250 674 1285 secularem
697 1249 757 1285 vel
781 1261 1062 1296 quemcunque
1086 1247 1208 1284 alium
1238 1257 1496 1295 patronatum
1530 1248 1766 1285 ecclesiasti·
1789 1250 1822 1281 ¹5

454 1320 544 1343 cum
590 1319 802 1354 occupare,
849 1306 942 1354 quia
986 1305 1060 1342 nisi
1109 1305 1289 1353 preficiat
1334 1306 1421 1353 plus
1468 1306 1654 1352 habilem,
1707 1308 1766 1343 vel

453 1365 592 1401 saltem
628 1365 844 1412 prudenter
876 1364 974 1399 illud
1007 1363 1235 1409 intenderit,
1271 1363 1582 1411 dampnabiliter
1616 1364 1720 1400 cadit
1745 1378 1766 1401 a

454 1431 688 1471 patronatus
713 1421 913 1467 dominio3
947 1422 1054 1469 quod
1079 1421 1109 1457 si
1134 1430 1297 1469 propter
1330 1421 1564 1469 peccuniam
1598 1422 1658 1458 vel
1682 1435 1766 1458 cor-

453 1481 589 1529 porale
624 1479 902 1525 ministerium,
937 1488 1100 1527 propter
1134 1481 1353 1515 humanum
1393 1480 1567 1516 favorem
1601 1488 1643 1516 ut
1674 1493 1767 1516 con-

453 1538 792 1586 sangwineitatem
815 1539 874 1575 vel
899 1537 1148 1582 affinitatem,
1184 1537 1474 1582 adulacionem,
1499 1538 1558 1574 vel
1582 1547 1765 1586 rogatum
1784 1548 1824 1569 20

454 1596 661 1633 hominum
685 1595 889 1643 postponit
912 1596 999 1643 plus
1024 1595 1195 1631 habilem
1217 1608 1296 1642 quo
1320 1596 1369 1631 ad
1394 1596 1525 1641 deum,
1546 1608 1591 1632 ve
1615 1596 1766 1632 homini

453 1653 738 1702 patrimonium
758 1653 905 1690 Christi
926 1653 981 1689 sic
1003 1653 1235 1701 occupanti:
1260 1653 1364 1689 unde
1387 1653 1548 1689 difficile
1572 1662 1609 1690 et
1632 1667 1766 1702 expers

454 1712 553 1748 lucri
587 1711 781 1747 mundani
815 1720 872 1747 est
904 1712 982 1747 tale
1014 1710 1302 1758 patrimonium
1328 1710 1531 1747 meritorie
1554 1724 1764 1759 occupare.

178 1780 245 1816 orn-
264 1777 421 1804 delinition
511 1769 654 1806 Tercio
686 1768 960 1817 principaliter
983 1768 1162 1816 arguitur
1186 1777 1324 1804 contra
1347 1768 1566 1816 predictam
1593 1769 1766 1817 descrip-

174 1813 433 1882 ‘’fflffffiffffnffigfffn
456 1827 609 1864 cionem
636 1840 705 1875 per
738 1827 813 1863 hoc
846 1828 952 1874 quod
985 1826 1115 1862 omnis
1149 1825 1330 1873 symonia
1362 1826 1518 1863 videtur
1551 1839 1633 1863 esse
1666 1840 1765 1875 opus
1784 1829 1822 1860 25

167 1882 438 1943 i‘g)u¹¹‡¹³¹ifcffi¹¹l}8{l{l
457 1885 734 1931 extrinsecum,
768 1898 848 1921 non
872 1896 965 1932 ergo
989 1893 1045 1920 est
1077 1884 1314 1932 generaliter
1346 1883 1573 1921 inordinata
1596 1885 1764 1922 volucio.

234 1939 379 1990 uniti-onst
454 1943 725 1980 Confirmatur
776 1942 906 1990 primo
959 1954 1028 1990 per
1080 1943 1154 1978 hoc
1199 1942 1306 1990 quod
1353 1941 1467 1978 aliter
1519 1942 1766 1991 contingeret

179 1986 418 2054 ,ξ’ἰῖᾟῖζῖζξῇῗςῇ
455 2001 657 2037 hominem
702 2000 927 2036 inordinate
976 2000 1144 2036 volendo
1195 1999 1410 2047 prelaciarn
1457 1999 1764 2038 ecclesiasticam

190 2063 226 2081 ³¹¹
247 2052 414 2082 abtofthe
454 2072 621 2107 peccare
653 2067 734 2094 tam
768 2057 953 2105 graviter,
992 2057 1094 2094 sicut
1126 2058 1310 2094 addendo
1343 2070 1442 2105 opus
1474 2058 1764 2105 symoniacum,

173 2089 232 2116 will
254 2094 366 2116 cannot
387 2090 438 2123 [ης

184 2123 322 2162 ,c)‚That
342 2132 411 2162 asna
455 2117 561 2164 quod
595 2125 651 2152 est
685 2124 823 2152 contra
856 2115 1057 2152 racionem
1091 2124 1128 2151 et
1161 2128 1283 2163 penas
1315 2123 1466 2152 taxatas
1489 2129 1561 2163 pro
1585 2116 1762 2153 crimine.
1783 2116 1824 2148 30

166 2162 439 2220 δᾜᾷξιῇξῖῗὲἷίῃέῗ
455 2175 638 2210 Secundo
671 2173 932 2210 confirmatur
963 2186 1033 2221 per
1066 2174 1153 2219 hoc,
1188 2174 1295 2221 quod
1334 2173 1463 2209 omnis
1496 2174 1677 2221 symonia
1710 2184 1766 2211 est

213 2227 387 2296 ῑῐὲξέἷῑῑίῑᾷρῑξ
456 2231 616 2278 heresis,
650 2231 780 2267 omnis
814 2231 960 2267 heresis
995 2239 1050 2267 est
1083 2232 1227 2267 docma
1260 2231 1400 2267 falsum
1435 2231 1629 2279 scripture
1656 2244 1766 2269 sacre

455 2289 699 2326 contrarium
734 2288 990 2336 pertinaciter
1022 2289 1283 2335 defensatum,
1319 2302 1410 2336 ergo
1433 2289 1562 2325 omnis
1585 2289 1765 2337 symonia

456 2356 512 2383 est
546 2346 787 2392 huiusmodi,
821 2348 928 2394 quod
961 2359 1041 2383 non
1074 2346 1265 2393 competit
1288 2346 1393 2383 actui
1416 2346 1585 2383 volendi.
1621 2347 1763 2384 Tercio

455 2404 716 2441 confirmatur
749 2417 818 2451 per
851 2405 925 2440 hoc
963 2405 1071 2452 quod
1111 2404 1265 2440 nullum
1305 2413 1514 2451 peccatum
1555 2413 1612 2441 est
1653 2413 1764 2442 actus
1781 2405 1820 2438 35

455 2462 613 2498 volendi
645 2463 705 2498 vel
738 2461 900 2510 aliquod
933 2461 1161 2510 positivum,
1199 2461 1328 2497 omnis
1367 2462 1548 2509 symonia
1587 2471 1643 2499 est
1676 2475 1765 2511 pec-

459 2529 590 2556 catum
615 2519 908 2567 gravissimum,
943 2532 1036 2567 ergo
1059 2519 1168 2555 nulla
1199 2518 1379 2566 symonia
1410 2528 1466 2555 est
1487 2519 1655 2556 volucio.
1690 2520 1764 2557 Hic

456 2577 600 2613 dicitur
633 2578 740 2625 quod
772 2578 879 2614 scola
902 2577 1180 2625 theologorum
1205 2576 1413 2624 equivocat
1435 2585 1516 2613 tam
1540 2577 1581 2613 in
1602 2578 1764 2615 nomine

525 2696 544 2714 1.
561 2696 596 2714 ex
610 2687 777 2721 ewangelio
792 2687 896 2714 ceteri.
952 2695 977 2714 2.
994 2687 1121 2714 ditando
1138 2694 1301 2722 personam
1318 2686 1453 2714 Romane
1468 2688 1592 2715 ecclesie
1607 2688 1642 2715 ad
1659 2688 1762 2715 decem

455 2722 528 2757 quin
549 2721 577 2748 lz.
666 2730 695 2754 4.
717 2726 836 2749 tantum
858 2721 938 2748 enim
959 2726 1054 2757 temp.
1076 2721 1096 2748 i.
1187 2721 1213 2748 8.
1235 2721 1264 2748 in
1287 2721 1395 2748 rotulis
1416 2722 1519 2749 ceteri.
1609 2730 1638 2756 9.
1660 2722 1762 2757 ipsum

455 2765 513 2783 mn.
533 2756 636 2783 ceteri.
728 2764 769 2790 1⁴21,
793 2756 828 2784 15.
850 2756 1011 2783 dominnm
1034 2756 1201 2783 secularem
1224 2755 1287 2786 eelz,
1309 2755 1481 2783 dominium
1504 2757 1638 2784 seculare
1658 2758 1763 2784 ceteri.

456 2799 495 2826 17.
517 2791 623 2817 saltem
644 2798 701 2816 om.
722 2790 751 2817 Ιι.
842 2798 883 2825 19.
904 2791 936 2818 in
956 2794 1038 2818 textu
1059 2790 1244 2824 dominium,
1265 2790 1305 2817 al.
1327 2799 1363 2818 m.
1387 2791 1502 2818 minist.
1523 2799 1561 2824 α,·
1579 2791 1616 2818 ih.
1635 2799 1693 2826 pro
1715 2796 1763 2819 nt:

457 2830 583 2860 propter
602 2824 707 2851 ceteri.
770 2832 815 2852 20.
831 2825 876 2852 vel
894 2828 966 2852 ante
984 2825 1033 2852 all'.
1048 2833 1106 2853 om.
1127 2825 1230 2852 celeri.
1294 2832 1337 2851 22.
1354 2825 1575 2860 patrimonium
1591 2824 1706 2853 Christi
1722 2826 1765 2853 sic

456 2860 568 2891 celem}
587 2858 604 2885 Ιι
623 2859 654 2885 in
675 2866 749 2890 raa,
771 2859 992 2894 patrimonium
1014 2859 1115 2887 taliter
1135 2859 1238 2886 ceteri.
1321 2867 1367 2893 24.
1390 2860 1559 2893 predictam
1580 2868 1638 2887 om.
1659 2861 1763 2887 ceteri.

456 2895 502 2922 26.
524 2893 635 2920 volicio
655 2893 757 2920 ceteri.
836 2901 880 2929 27.
902 2894 982 2921 enim
999 2902 1060 2929 pro
1076 2893 1182 2933 primo
1202 2893 1237 2927 l13
1264 2894 1302 2920 ib.
1324 2894 1516 2929 contingeret
1535 2902 1616 2922 corr.
1638 2902 1674 2922 ex
1693 2902 1764 2921 con-

456 2927 641 2991 Eincrctlfgd,
668 2927 838 2989 cgntineret
862 2928 942 2965 begi.
1049 2928 1095 2956 30.
1122 2928 1246 2964 aliquod
1274 2928 1326 2961 clz;
1352 2928 1432 2956 aliud
1459 2929 1494 2963 b;
1520 2928 1634 2964 aliquid
1661 2928 1763 2956 ceteri.

475 2971 500 2999 7.
522 2971 559 2990 vo
574 2970 632 2990 icio
653 2969 685 2989 ce
699 2970 755 2990 ενι.
