2002 3359
272 261 362 289 CAP.
385 250 480 309 vm]
796 264 854 295 DE
883 264 1081 295 SIMONIA.

273 373 387 408 etatis
433 373 493 407 vel
526 384 638 408 sexus
672 372 831 414 fuerint,
873 371 939 419 qui
981 380 1144 418 propter
1184 371 1372 406 timorem
1407 372 1589 407 servilem

271 431 330 466 vel
376 432 592 465 comodum
645 429 866 476 temporale
912 438 1044 464 tacent
1090 429 1128 464 in
1183 442 1304 465 causa
1365 429 1427 464 dei
1473 438 1593 476 atque

271 487 451 524 ecclesie.
487 489 561 524 Sed
598 487 803 523 aliomodo
837 486 967 522 omnis
1008 500 1177 534 peccans
1225 487 1461 528 mortaliter,
1498 489 1591 522 dum

270 546 477 594 suspendit
510 558 549 582 se
589 559 610 581 a
655 544 857 581 iuvamine
903 553 1043 580 contra
1090 545 1260 580 heresim
1302 545 1592 592 symoniacamv

237 605 312 640 §fit
357 604 612 651 symoniacus
665 615 708 639 ex
748 615 968 643 consensu;
1011 615 1104 638 nam
1153 612 1193 638 ut
1239 615 1332 650 sepe
1388 602 1464 638 dixi
1512 612 1593 639 tam

269 663 435 698 virtutes
480 675 601 710 quam
636 660 737 697 vicia
771 669 862 696 sunt
903 673 1080 696 connexa
1115 669 1151 696 et
1191 660 1247 696 sic
1288 662 1385 696 deus
1419 660 1492 697 scit
1526 661 1591 708 qui

269 733 349 757 non
385 721 611 756 maculatur
657 718 840 766 symonia
886 719 947 754 vel
982 718 1111 754 heresi
1146 720 1193 754 de
1225 728 1367 755 vocata
1413 719 1589 755 ecclesie.

270 781 317 814 Et
351 787 460 826 patet
493 777 624 826 prima
656 790 748 824 pars
782 775 1081 824 proposicionis
1115 776 1244 824 prime
1278 776 1497 824 propositc.

327 838 405 873 Sed
438 849 511 884 pro
551 836 729 872 secunda
776 836 998 870 notandum
1034 836 1142 882 quod
1176 834 1434 871 heresiarche
1467 844 1591 870 statu<

216 911 253 932 10
270 903 399 940 erunt,
434 903 477 929 ut
500 894 632 929 nullus
667 902 876 929 censeatur
929 892 1187 940 symoniacus
1232 892 1310 929 nisi
1344 893 1420 929 hoc
1453 905 1588 929 coram

269 952 324 988 eis
359 953 580 988 secundum
605 950 848 988 tradiciones
872 963 976 996 suas,
1013 960 1053 986 ut
1087 950 1273 999 inquiunt
1297 950 1505 998 legittime,
1542 951 1591 987 sit

268 1012 485 1058 probatum
532 1019 569 1046 et
615 1018 710 1046 tunc
756 1008 986 1045 convictum
1033 1010 1080 1045 de
1126 1008 1310 1056 symonia
1355 1009 1416 1044 vel
1462 1009 1591 1045 heresi

225 1060 230 1065 ⁸
269 1070 512 1104 comburunt
552 1068 610 1104 vel
645 1066 761 1103 aliter
800 1066 991 1103 occidunt
1030 1067 1090 1103 vel
1130 1066 1314 1115 puniunt,
1350 1066 1381 1102 si
1416 1067 1590 1103 noluerit

267 1129 316 1163 ab
340 1127 394 1163 eis
429 1138 560 1162 emere
593 1125 824 1173 symoniace
859 1126 1017 1173 culpam
1043 1125 1117 1161 sibi
1141 1124 1382 1172 inpositam;
1417 1126 1525 1173 quod
1559 1125 1589 1161 si

215 1191 357 1223 15reus
390 1184 429 1220 in
465 1185 571 1220 facto
596 1184 650 1220 eis
684 1184 891 1232 placenter
924 1182 1095 1219 voluerit
1120 1195 1253 1219 emere
1287 1183 1445 1230 culpam
1474 1195 1587 1219 suam

267 1244 407 1279 evadet
432 1242 669 1278 testificatus
693 1243 742 1278 ab
767 1242 821 1278 eis
845 1241 1037 1277 immunis
1068 1250 1104 1277 et
1129 1242 1316 1287 mundus,
1342 1241 1435 1277 licet
1459 1241 1587 1277 heresi

266 1314 338 1337 sua
360 1300 595 1348 symoniaca
619 1300 837 1337 maculavit
861 1309 897 1336 et
922 1299 1099 1336 maculat
1119 1298 1380 1346 pertinaciter
1399 1312 1585 1346 magnam

267 1368 422 1407 partem
458 1358 636 1395 ecclesie.
682 1359 851 1394 Constat
885 1359 932 1393 de
966 1357 1166 1406 episcopis
1211 1366 1248 1393 et
1288 1357 1453 1405 prelatis
1488 1370 1587 1406 quos

267 1426 434 1465 propter
467 1416 703 1464 peccuniam
742 1416 803 1452 vel
847 1428 986 1464 preces
1033 1415 1293 1452 dominorum
1343 1415 1587 1452 literatorias

210 1492 250 1513 20
267 1474 549 1512 auctoritative
611 1473 838 1520 instituunt,
873 1473 966 1511 licet
1000 1475 1047 1510 de
1081 1473 1135 1510 eis
1170 1474 1338 1509 credant
1370 1473 1431 1509 vel
1472 1474 1588 1509 dubi-

266 1542 351 1570 tent
383 1533 415 1569 si
450 1541 567 1570 antea
599 1545 680 1569 non
711 1532 789 1569 sint
816 1531 936 1579 digni,
967 1541 1003 1568 et
1039 1531 1206 1568 omnino
1235 1531 1366 1568 sciunt
1390 1544 1460 1579 per
1483 1532 1587 1579 leges

267 1591 465 1639 proprias,
512 1592 620 1638 quod
654 1600 737 1627 tam
770 1590 999 1638 prepositus
1034 1602 1103 1637 per
1136 1591 1211 1626 hoc
1246 1589 1420 1626 medium
1464 1603 1583 1638 quam

266 1649 349 1697 ipse
410 1648 695 1685 auctorisando
748 1661 975 1697 preponens
1034 1661 1156 1696 quam
1217 1647 1343 1684 eciam
1398 1648 1585 1684 dominus

266 1716 409 1755 rogatu
443 1716 479 1743 et
518 1708 568 1743 ad
601 1708 675 1743 hoc
709 1707 889 1744 medians
921 1706 1088 1743 incurrit
1121 1707 1274 1754 lepram
1307 1706 1583 1754 symoniacam

210 1771 312 1803 25eo
344 1765 445 1813 ipso,
480 1774 517 1802 et
549 1765 605 1801 sic
637 1778 709 1802 nec
742 1766 825 1801 vult
849 1764 1029 1801 misereri
1059 1764 1191 1801 anime
1216 1777 1284 1800 sue
1307 1776 1381 1800 nec
1400 1764 1585 1812 proximi,

265 1824 333 1860 sed
367 1832 575 1871 tamquam
612 1824 827 1860 blasfemus
873 1823 1129 1860 heresiarcha
1162 1835 1203 1859 se
1236 1822 1366 1871 ipsum
1402 1831 1438 1858 et
1486 1822 1586 1859 alios

264 1894 355 1918 cece
388 1880 621 1930 precipitat3
655 1883 776 1918 talem
811 1881 947 1929 itaque
980 1882 1122 1917 ducem
1157 1882 1349 1917 debemus
1383 1881 1584 1928 aufugere.

264 1941 361 1975 Item
395 1948 559 1987 propter
592 1939 785 1976 iudicium
831 1938 1138 1987 sophisticatum
1179 1952 1200 1975 a
1234 1938 1381 1975 talibus
1414 1951 1495 1974 non
1529 1947 1586 1974 est

264 1998 386 2033 homo
421 1997 547 2045 magis
580 2006 648 2034 aut
682 1997 813 2033 minus
836 1997 1092 2045 symoniacus
1126 1996 1201 2033 nisi
1231 1998 1334 2033 forte
1367 2009 1411 2032 ex
1444 2009 1583 2032 eorum

207 2062 248 2093 ’,πό
264 2068 358 2092 ceco
406 2055 653 2103 sophismate
699 2055 748 2092 sit
800 2055 981 2092 infectus.
1037 2057 1114 2091 Sed
1168 2067 1258 2091 cum
1312 2054 1481 2090 infeccio
1535 2054 1583 2090 sit

263 2123 403 2150 contra
436 2113 700 2150 universalem
736 2113 979 2160 ecclessiam,
1024 2121 1183 2161 oportet
1214 2112 1323 2149 illam
1359 2112 1581 2160 exstingwi2

262 2171 384 2219 igitur
418 2171 658 2219 relinquitur
702 2172 802 2208 alius
850 2171 966 2208 iudex
1011 2184 1132 2219 quam
1178 2171 1269 2207 talis
1315 2170 1483 2207 ecclesia
1527 2170 1582 2206 sic

262 2229 428 2273 infecta3
461 2229 554 2266 licet
583 2229 688 2266 enim
714 2231 856 2267 debeat
879 2229 1057 2266 iudicare
1091 2230 1138 2266 de
1161 2229 1303 2275 heresi,
1339 2228 1431 2277 quia
1465 2230 1582 2264 debet

262 2287 491 2324 examinare
536 2287 830 2324 conscienciam
880 2287 1087 2336 propriam
1122 2287 1331 2336 purgando
1376 2299 1416 2323 se
1449 2286 1581 2334 primo

205 2357 283 2388 35a
320 2345 553 2393 symoniaca
586 2346 796 2394 pravitate,
844 2359 935 2382 cum
968 2354 1133 2394 propter
1172 2354 1325 2381 reatum
1370 2344 1578 2392 proprium

263 2412 321 2440 est
353 2403 501 2452 inepta,
535 2413 578 2440 ut
610 2404 659 2440 sit
691 2404 808 2441 iudex
853 2403 1050 2453 publicus,
1097 2403 1190 2452 quia
1236 2413 1330 2440 tunc
1375 2402 1507 2450 primo
1540 2415 1580 2438 se

261 2461 389 2509 ipsam
416 2463 682 2499 combureret.
701 2464 793 2499 Ideo
810 2462 905 2499 dicit
929 2462 1110 2498 Christus
1127 2463 1268 2498 Matth.
1295 2474 1336 2508 7:
1363 2460 1578 2508 ‘Ypocrita,

330 2615 355 2634 2.
377 2611 405 2634 et
420 2614 481 2642 pro
504 2607 546 2634 vel
568 2608 683 2640 ceteri;
707 2609 745 2635 ib.
767 2613 863 2644 temp.
885 2618 966 2636 com.
988 2608 1110 2644 abussgz'.
1201 2617 1229 2642 4.
1251 2618 1267 2635 a
1288 2608 1402 2635 imam.
1424 2607 1465 2634 αἱ.
1487 2615 1524 2633 m.
1545 2607 1574 2633 Ιι.

262 2649 286 2676 7.
309 2642 503 2669 maculantur
521 2649 564 2669 ce.
655 2643 682 2670 8.
705 2647 736 2670 ut
756 2647 838 2678 patet
857 2641 915 2680 bqf,
942 2647 974 2670 ut
993 2651 1074 2671 corr.
1097 2643 1127 2670 in
1150 2651 1204 2670 nec
1224 2651 1249 2670 e.
1348 2650 1389 2675 η,
1418 2650 1496 2678 sym.
1519 2649 1578 2669 cm.

261 2676 359 2704 ceteri
370 2676 400 2704 in
414 2676 444 2709 d,
459 2684 542 2715 corr.
559 2679 591 2703 ut
604 2677 631 2704 Ιι.
705 2685 748 2711 14,
764 2678 801 2705 15.
818 2678 876 2705 sibi
891 2694 919 2697 —
935 2678 1016 2713 culp.
1032 2686 1090 2705 om.
1106 2679 1156 2714 bg,
1172 2678 1213 2704 al.
1230 2686 1267 2704 m.
1283 2677 1312 2704 d.
1387 2676 1423 2704 15.
1440 2677 1578 2711 placente

261 2709 341 2747 cefh.
415 2718 453 2738 21.
476 2720 500 2738 Sl
516 2715 618 2738 autem
634 2720 693 2738 non
711 2713 772 2740 sint
787 2712 905 2748 indigni
922 2713 1034 2744 ceteri;
1056 2713 1093 2740 ib.
1110 2713 1215 2739 omnia
1230 2712 1271 2747 ef,
1293 2719 1375 2738 corr.
1391 2712 1433 2746 in,
1448 2711 1577 2738 omnino

260 2747 347 2784 gwcg.
421 2744 464 2773 23.
478 2754 653 2781 preponens
669 2747 716 2780 elz,
732 2747 965 2782 preposiciones
980 2747 1085 2774 ceteri.
1158 2755 1205 2780 24.
1228 2752 1255 2774 et
1270 2755 1328 2774 om.
1350 2745 1411 2782 def.
1484 2746 1526 2773 25.
1542 2754 1577 2771 ex

261 2788 331 2815 Ipso
352 2781 420 2820 flgi.
499 2781 543 2808 28.
567 2780 772 2815 sophisticum
794 2783 899 2810 ceteri.
978 2781 1024 2810 30.
1047 2782 1105 2809 Sed
1128 2782 1209 2817 quod
1232 2782 1251 2809 i.
1334 2780 1374 2808 31.
1396 2781 1495 2815 ipsam
1517 2785 1575 2806 ext.

262 2818 368 2842 ceteri.
440 2813 482 2842 35.
503 2820 605 2842 tamen
628 2815 689 2852 qflz,
708 2824 789 2844 corr.
811 2817 841 2844 in
862 2825 932 2844 cum
953 2817 982 2847 d,
1004 2825 1073 2844 cum
1095 2817 1200 2844 ceteri.

331 2886 384 2929 37.
410 2886 530 2919 Matth.
556 2897 587 2930 7⁷
616 2886 644 2919 5.

1393 2947 1436 2989 74:

1834 270 1884 302 99

1628 840 1650 866 ll
1673 840 1698 866 is
1719 841 1783 867 >aid
1806 841 1869 867 that

1624 883 1661 901 1111
1683 884 1739 901 one
1762 876 1872 903 slmuld

1682 911 1716 936 be
1739 910 1807 937 held

1648 953 1662 970 a
1685 945 1843 972 Simonide

1625 980 1728 1005 unless
1750 981 1865 1014 mmcd

1650 1014 1725 1040 such
1747 1015 1775 1040 in
1800 1015 1849 1041 the

1683 1048 1806 1075 court-s.

1685 1245 1739 1271 tzur
1762 1246 1812 1272 the

1605 1279 1761 1314 iudgment
1783 1282 1818 1307 «η’
1832 1281 1880 1308 the

1617 1314 1730 1341 Courls
1751 1324 1806 1341 can
1829 1316 1864 1342 be

1615 1349 1787 1382 purchased
1810 1352 1868 1378 and

1686 1384 1738 1410 llas
1761 1393 1800 1411 no

1682 1420 1802 1453 xx‘eight.
