2002 3359
226 285 315 312 cAv.
338 277 372 326 1.]
743 286 800 317 DE
829 285 1028 316 SIMONIA.
1812 294 1831 328 7

227 396 432 431 Moverent
471 393 576 430 enim
611 394 660 429 ad
695 393 768 429 hoc
801 392 1058 429 beatitudinis
1092 392 1304 440 premium,
1350 406 1424 441 pax
1459 407 1543 441 reg-
1585 403 1719 430 [reasons
1739 404 1809 439 why

227 465 384 498 norum,
419 460 469 498 et,
504 460 547 488 ut
569 452 710 499 loquar
734 452 783 488 ad
807 451 1024 493 hominem,
1060 452 1280 498 temporale
1314 453 1543 488 comodum.
1579 439 1807 500 Πιιξῖᾗνξιᾞζωά

227 510 359 547 Nichil
383 510 488 546 enim
512 509 636 546 nostri
662 509 871 545 ministerii
893 509 1094 545 videretur
1119 509 1277 545 Christo
1301 510 1543 557 placencius,
1560 544 1571 570 J
1590 509 1839 577 *lplffildlffibffistof

228 581 348 617 quam
382 578 464 605 tam
499 567 704 604 caritativa
737 567 909 603 direccio
943 579 1084 614 sponse
1118 580 1185 603 sue
1219 576 1255 603 et
1278 576 1389 603 tanta
1423 569 1545 604 hono-
1587 578 1669 616 miss.
1692 578 1728 616 Π.
1751 577 1817 604 The

195 626 337 663 §racio
382 626 519 663 matris
564 634 717 667 nostre3
763 634 799 660 et
843 627 974 672 quoad
1020 638 1158 672 pacem
1213 626 1420 661 hominum
1466 639 1546 662 non
1562 612 1833 681 dfstnffisgffnssgffiss

230 684 408 731 dubium,
449 683 571 720 nichil
610 683 698 731 plus
737 684 943 731 perturbat
983 696 1122 731 pacem
1163 696 1389 730 regnorum,
1425 697 1545 731 quam
1608 682 1788 717 advantage.

229 743 459 791 symoniaca
505 741 651 777 heresis
695 741 887 789 predicta.
942 743 996 776 Ex
1037 754 1081 777 ea
1121 741 1225 777 enim
1267 743 1375 777 deest
1419 742 1547 789 regnis

229 800 444 837 instruccio
483 799 665 836 inimicos
699 799 876 847 diligere,
922 801 1124 836 mundana
1170 808 1466 847 contempnere,
1512 809 1548 836 et

229 860 348 895 verbo
381 871 427 895 ac
460 858 640 906 exemplo
674 859 777 894 bona
808 858 1011 894 voluntate
1044 859 1261 893 secundum
1288 858 1415 905 legem
1436 858 1548 894 Chri-

178 933 213 954 10
230 916 278 953 sti
311 916 453 953 vivere.
507 918 607 952 Nam
647 928 717 963 per
757 915 926 951 heresim
973 915 1245 963 symoniacam
1287 925 1343 951 est
1383 916 1548 951 omnino

230 974 476 1011 contrarium
509 974 796 1010 introductum.
832 975 922 1009 Ideo
957 974 1051 1010 dicit
1091 975 1229 1010 beatus
1263 974 1475 1021 Gregorius
1509 974 1549 1010 in

230 1033 409 1081 Registro
423 1032 525 1068 libro
543 1032 578 1077 3,
603 1032 778 1080 capitulo
796 1042 846 1078 29
864 1032 996 1080 regine
1012 1032 1195 1068 Francie:
1221 1033 1335 1068 ‘Cum
1356 1031 1548 1080 scriptum

230 1091 298 1127 sit:
333 1090 522 1127 “Iusticia
555 1091 680 1126 elevat
709 1099 880 1138 gentem,
917 1090 1081 1126 miseros
1105 1099 1238 1126 autem
1263 1089 1356 1126 facit
1380 1092 1549 1138 populos

230 1149 483 1197 peccatum'',
528 1158 621 1184 tunc
666 1161 832 1195 regnum
879 1149 1018 1184 stabile
1063 1148 1250 1191 creditur,
1297 1161 1387 1184 cum
1433 1150 1549 1196 culpa

178 1212 213 1245 15
231 1219 307 1256 que
340 1206 593 1255 cognoscitur
616 1206 737 1242 cicius
761 1208 1023 1243 emendatur.'
1061 1208 1151 1242 Ideo
1176 1220 1265 1243 cum
1291 1219 1410 1242 causa
1435 1207 1548 1243 ruine

230 1265 368 1313 populi
404 1265 482 1301 sint
516 1266 742 1301 sacerdotes
780 1265 885 1303 mali.
920 1278 965 1301 ac
1008 1265 1048 1300 in
1087 1264 1232 1301 nostris
1272 1264 1452 1312 partibus
1488 1278 1549 1301 sa-

232 1324 411 1360 cerdotes
427 1323 610 1371 nequiter
634 1332 932 1366 conversantur,
952 1324 1002 1359 ad
1024 1324 1093 1359 hec
1112 1323 1340 1359 ulciscenda
1359 1324 1549 1359 debemus

231 1383 417 1418 ardenter
440 1394 690 1429 consurgere,
724 1394 771 1416 ne
804 1394 1024 1428 paucorum
1060 1381 1212 1417 facinus
1246 1381 1295 1417 sit
1331 1382 1547 1417 multorum

232 1439 422 1488 perdicio.
458 1442 505 1476 Et
539 1439 736 1487 sequitur:
772 1439 994 1476 ‘Prox-idete
1019 1452 1111 1487 ergo
1134 1439 1266 1475 anime
1288 1448 1429 1481 vestre,
1460 1453 1550 1487 pro-

176 1514 216 1534 το
231 1498 360 1534 videte
399 1497 610 1545 nepotibus
648 1497 800 1543 vestris,
842 1510 941 1545 quos
981 1497 1125 1545 cupitis
1165 1510 1330 1545 regnare
1369 1497 1548 1543 feliciter,

232 1556 436 1604 providete
458 1555 686 1603 provinciis,
711 1564 748 1591 et
770 1554 880 1603 prius
904 1569 1024 1603 quam
1050 1565 1204 1592 creator
1226 1565 1362 1592 noster
1386 1569 1547 1592 manum

232 1627 344 1650 suam
369 1614 418 1650 ad
442 1613 664 1650 feriendum
696 1613 873 1650 excuciat
903 1615 949 1649 de
974 1614 1227 1650 correccione
1251 1614 1367 1650 huius
1391 1614 1548 1650 sceleris

231 1671 521 1708 studiosissime
540 1671 738 1719 cogitate.⁸
765 1674 854 1717 Quo
871 1673 920 1708 ad
943 1672 1109 1708 tercium
1136 1681 1257 1720 patet,
1283 1674 1390 1720 quod
1414 1672 1548 1720 aliqua

232 1732 336 1767 bona
359 1729 626 1766 hereticorum
658 1729 823 1766 mobilia
856 1730 1169 1766 confiscarentur
1196 1730 1456 1778 principibus,
1481 1730 1547 1778 qui

175 1793 214 1825 25
232 1787 401 1824 heresim
442 1801 579 1824 eorum
620 1789 880 1834 destruerent,
926 1797 963 1825 et
994 1789 1129 1825 omnia
1163 1790 1265 1825 bona
1304 1802 1441 1825 eorum
1476 1788 1548 1824 im-

233 1845 409 1893 mobilia,
432 1855 476 1882 ut
498 1846 675 1883 redditus
700 1855 737 1883 et
759 1847 897 1895 predia
921 1847 1064 1895 quibus
1088 1847 1213 1883 dotati
1237 1856 1340 1893 sunt,
1374 1847 1549 1883 redirent

231 1905 282 1941 ad
315 1917 456 1941 manus
494 1904 748 1951 secularium,
788 1905 889 1941 sicut
922 1905 1066 1953 primo,
1106 1905 1199 1953 quia
1233 1907 1307 1941 hoc
1340 1905 1549 1953 perficeret

231 1971 379 1999 statum
431 1963 607 2009 ecclesie,
661 1963 763 1999 sicut
807 1976 849 1999 ex
893 1963 1151 2000 ordinacione
1196 1963 1342 1999 Christi
1392 1962 1465 1999 fuit
1509 1963 1547 1998 in

231 2020 434 2069 primitiva
449 2021 627 2057 ecclesia.
652 2024 700 2057 Et
717 2021 808 2057 licet
826 2021 1099 2069 progenitores
1122 2021 1380 2069 superstitum
1397 2033 1439 2057 ex
1456 2034 1548 2057 ceca

175 2084 216 2115 30
232 2078 487 2126 dirrupcione
511 2079 713 2126 religionis
738 2079 884 2116 Christi
908 2078 1150 2127 privaverint
1174 2092 1213 2115 se
1236 2092 1329 2116 vero
1367 2079 1547 2115 dominio

231 2150 311 2185 quo
344 2138 394 2173 ad
428 2138 559 2181 deum,
600 2146 734 2173 tamen
772 2137 922 2185 posteri
964 2137 1123 2174 contriti
1163 2139 1210 2174 de
1244 2137 1303 2173 sui
1337 2146 1373 2174 et
1406 2150 1547 2185 proge-

230 2195 406 2231 nitorum
446 2194 621 2231 stulticia
660 2195 868 2243 acquirent
907 2195 1141 2243 corrigendo
1186 2209 1339 2232 errores
1384 2195 1545 2232 titulum

230 2252 385 2289 iusticie
418 2266 497 2301 quo
530 2254 579 2290 ad
615 2255 732 2290 deum
775 2263 812 2290 et
845 2267 924 2302 quo
963 2255 1012 2290 ad
1054 2253 1256 2310 homiqes3
1296 2254 1368 2290 iste
1409 2253 1546 2291 titulus

229 2312 330 2348 foret
361 2312 477 2361 longe
521 2311 674 2358 iustior,
720 2325 841 2360 quam
886 2311 1024 2348 titulus
1069 2311 1190 2360 gladii
1229 2325 1271 2348 ex
1311 2321 1544 2361 conquestu.

300 2443 320 2462 1.
336 2438 474 2461 moveret
486 2434 516 2467 i;
536 2439 695 2462 moverent
714 2438 815 2462 autem
836 2435 936 2463 ceteri.
992 2434 1017 2463 3.
1033 2435 1154 2463 videtur
1167 2437 1272 2463 cetert.
1326 2444 1355 2470 4.
1372 2435 1500 2463 dileccio
1515 2444 1545 2467 α,

229 2469 361 2497 direccio
382 2469 474 2502 bcehi,
496 2469 674 2506 deiecciof.
747 2478 777 2504 4,
792 2469 816 2497 5.
839 2478 953 2505 sponse
966 2474 1117 2497 —nostre
1137 2479 1194 2497 om.
1216 2471 1236 2498 τ’.
1310 2478 1409 2506 7.pr0
1430 2479 1481 2497 ea:
1496 2470 1546 2498 illa

228 2504 331 2531 ceteri.
410 2504 437 2531 8.
453 2503 715 2540 ministraciopro
730 2504 898 2532 instruccio
911 2505 940 2533 lz.
1019 2513 1048 2540 ς).
1064 2505 1093 2532 in
1111 2505 1191 2532 bona
1210 2505 1324 2537 ceteri,-
1337 2506 1397 2533 vol.
1412 2513 1494 2532 corr.
1509 2513 1547 2532 ex

230 2539 364 2566 bonitate
377 2547 417 2571 α,·
431 2538 629 2575 bonitatefg.
687 2547 720 2566 11.
733 2539 807 2567 dicit
820 2548 878 2567 om.
894 2540 914 2566 i.
970 2539 1009 2567 13.
1022 2539 1149 2567 clevavit
1164 2540 1184 2567 i.
1240 2548 1281 2573 14.
1297 2539 1439 2567 credetur
1452 2540 1544 2575 acdg.

231 2573 266 2600 15.
289 2573 412 2600 miserie
428 2581 489 2608 pro
511 2573 597 2601 ruine
616 2574 721 2611 abqu.
794 2582 834 2609 17.
851 2575 881 2601 in
896 2577 980 2602 textu
1000 2574 1145 2610 ministr„
1161 2575 1203 2602 al.
1218 2583 1255 2602 m.
1271 2579 1494 2602 conversamur
1508 2576 1546 2605 d,-

230 2607 439 2635 ministrantes
459 2609 563 2636 ceteri.
643 2609 686 2637 23.
709 2609 766 2636 alia
782 2617 843 2644 pro
864 2609 965 2644 aliqua
981 2609 1108 2637 codices.
1189 2610 1233 2637 25.
1255 2609 1387 2636 heresim
1403 2609 1543 2645 ipsorum

229 2642 333 2669 ceteri.
388 2650 433 2678 27.
449 2643 498 2670 hic
512 2643 540 2670 Ιι.
605 2651 652 2678 29.
670 2644 796 2671 ecclesia
817 2644 955 2679 primeva
975 2644 1080 2672 ceteri.
1153 2642 1199 2671 30.
1221 2643 1336 2671 Christi
1357 2651 1416 2671 om.
1438 2645 1544 2677 ceteri,

229 2676 346 2704 Christi
360 2677 402 2704 al.
414 2685 451 2704 m.
466 2677 506 2710 d,·
525 2678 562 2705 ib.
579 2678 777 2713 privaverunt
790 2679 848 2715 af;
868 2679 1024 2713 privarent
1039 2679 1059 2706 ι’.
1114 2678 1156 2706 32.
1173 2679 1203 2706 in
1218 2681 1301 2706 textu
1316 2679 1433 2713 talium,
1447 2680 1490 2706 al.
1505 2688 1543 2706 m.

229 2712 351 2739 titulum
365 2711 426 2744 ad,·
444 2712 550 2740 talium
566 2713 634 2747 beg,
652 2713 745 2740 talem
760 2713 802 2749 ef.
831 2748 837 2753 .
857 2712 899 2741 33.
916 2713 946 2741 in
962 2716 1044 2741 textu
1059 2713 1240 2748 iustissime,
1261 2713 1302 2740 al.
1319 2722 1356 2740 m.
1372 2713 1492 2740 iusticie
1506 2714 1544 2743 d,-

229 2746 398 2774 iustissime
417 2746 489 2782 bgi;
509 2747 547 2774 ib.
569 2747 659 2775 deum
680 2748 712 2775 in
731 2756 874 2785 margtne
886 2749 928 2776 al.
943 2757 981 2776 m.
997 2748 1026 2775 Ιι.
1110 2747 1157 2781 34.
1179 2756 1214 2775 ex
1235 2756 1324 2783 conq.
1346 2748 1542 2784 aquisitusf.

300 2828 349 2850 12.
375 2818 483 2860 Epist.
510 2819 586 2851 Lib.
613 2820 651 2860 H,
678 2830 730 2862 ep.
757 2819 817 2864 69„
849 2821 976 2863 Migne,
1002 2821 1025 2852 1.
1052 2831 1080 2852 c.
1107 2830 1160 2862 77,
1193 2830 1288 2863 ¹209·
1413 2821 1462 2853 13.
1490 2820 1542 2851 Cf.

230 2866 331 2897 Prov.
363 2874 412 2905 14,
440 2865 494 2906 34.
596 2866 645 2898 15.
672 2866 724 2898 Cf.
750 2867 877 2909 Migne,
910 2867 931 2898 l.
965 2877 1009 2898 c.:
1048 2867 1148 2898 ‘Nam
1182 2876 1284 2898 causa
1315 2873 1394 2898 sunt
1425 2867 1543 2897 ruinae

230 2911 350 2954 populi
377 2911 573 2943 sacerdotes
599 2911 703 2943 mali.'
804 2923 854 2956 ¹9·
879 2914 995 2955 Migne
1020 2913 1042 2944 1.
1070 2923 1097 2944 c.
