2002 3359
259 280 433 338 CAP.1V.]
771 292 831 324 DE
858 292 1058 325 SIMONIA.

260 411 302 437 ut
348 410 455 449 patet
500 413 619 448 supra
665 401 711 436 de
758 413 844 448 cap.
898 400 941 435 Si
978 401 1124 436 dnobus
1164 400 1345 448 superius
1384 401 1570 448 allegato,

261 472 360 508 eque
393 458 578 495 deficeret
618 460 792 495 humana
833 459 967 506 regula
1001 460 1048 494 de
1087 458 1269 506 eligendo
1302 458 1570 507 prepositum:

260 519 464 567 quomodo
504 529 596 564 ergo
638 518 822 553 sacerdos
856 516 1001 552 Christi
1047 526 1303 564 postponeret
1342 518 1468 565 legem
1509 517 1570 552 dei

260 586 298 613 et
336 577 568 624 procederet
605 576 823 610 secundum
865 574 1082 610 elecciones
1121 575 1216 622 legis
1262 576 1434 612 humane
1480 587 1571 622 gen-

228 634 338 671 §tilis
371 634 485 682 plene
520 632 683 669 cautelis
717 632 879 675 diaboli,
925 641 992 668 aut
1026 635 1229 679 quomodo
1262 647 1365 681 papa
1399 642 1571 670 cassaret

260 692 478 729 elecciones
523 690 765 734 huiusmodi,
813 690 843 726 si
882 690 959 726 sint
998 690 1123 726 iuste?
1175 693 1271 726 Item
1318 691 1488 739 apostoli
1529 704 1572 727 ex

260 749 463 787 communi
511 750 669 785 decreto
714 748 921 784 deficiente
967 748 1211 785 revelacione
1256 750 1460 797 elegerunt
1505 762 1573 797 per

260 817 407 845 sortem
441 806 650 843 Matthiam
684 807 909 854 apostolum
934 815 975 842 ut
999 816 1107 854 patet
1129 808 1215 843 Act.
1247 820 1277 843 1.
1313 809 1390 843 Sed
1424 808 1571 844 factum

260 879 397 903 eorum
443 866 559 901 debet
603 864 640 900 in
686 864 761 901 isto
807 877 888 900 esse
937 865 1138 912 exemplar
1181 864 1407 902 evidencius
1452 879 1572 913 quam

207 937 245 957 1o
259 936 427 973 sequens
456 923 607 959 dictum
630 923 690 958 vel
713 923 861 959 factum
887 922 1055 959 Romani
1079 923 1292 970 pontificis,
1326 936 1419 971 ergo
1443 925 1574 960 adhuc

259 981 424 1019 ecclesia
470 982 585 1018 debet
629 981 833 1017 intendere
879 980 970 1017 huic
1014 981 1152 1017 forme.
1206 983 1255 1017 Et
1300 981 1375 1018 ista
1418 981 1575 1018 videtur

260 1039 462 1077 sentencia
495 1039 643 1076 decreti
665 1039 859 1076 Jeronimi
892 1038 1021 1086 posita
1045 1039 1066 1075 8
1092 1039 1301 1087 questione
1333 1053 1362 1075 1.
1397 1040 1480 1082 ‘Sis
1515 1040 1573 1076 in-

258 1098 357 1147 quit,
392 1106 539 1134 ‘tantus
571 1097 638 1134 ille
671 1110 716 1134 ac
739 1097 828 1134 talis
852 1099 1006 1145 Moyses
1038 1110 1119 1133 non
1151 1097 1397 1146 permittitur
1424 1098 1573 1134 iudicio

259 1170 330 1193 suo
354 1158 401 1192 de
425 1156 606 1204 eligendo
639 1155 819 1203 principe
851 1155 989 1203 populi
1012 1155 1070 1191 vel
1094 1157 1141 1192 de
1174 1156 1453 1193 constituendo
1486 1169 1572 1192 suc-

206 1216 427 1259 15cessore‚
474 1213 562 1262 quis
607 1213 679 1250 erit
725 1214 793 1262 qui
837 1215 981 1250 audeat
1020 1213 1080 1250 vel
1119 1226 1161 1249 ex
1200 1214 1313 1262 plebe
1359 1227 1435 1262 que
1480 1227 1572 1262 sepe

259 1271 500 1309 clamoribus
523 1273 572 1308 ad
596 1273 763 1319 gradum
787 1280 855 1308 aut
878 1271 1012 1319 precio
1036 1273 1201 1308 fortasse
1225 1272 1393 1309 excitata
1422 1272 1571 1309 moveri

259 1331 372 1377 solet,
405 1331 465 1366 vel
498 1343 542 1366 ex
574 1329 669 1377 ipsis
709 1329 835 1366 eciam
868 1329 1155 1376 sacerdotibus,
1203 1330 1290 1378 quis
1324 1330 1398 1366 erit
1430 1330 1499 1378 qui
1532 1343 1571 1367 se

258 1390 457 1436 ydoneum
481 1389 531 1424 ad
555 1389 629 1424 hoc
651 1387 811 1430 iudicet,
835 1387 911 1423 nisi
935 1387 997 1424 hic
1020 1387 1083 1424 cui
1105 1388 1235 1425 oranti
1268 1397 1306 1424 et
1328 1388 1521 1437 penitenti
1551 1402 1572 1425 a

259 1446 423 1483 domino
456 1446 674 1482 reveletur?
707 1445 818 1482 Sicut
847 1447 943 1482 deus
976 1446 1070 1482 dicit
1103 1448 1153 1483 ad
1176 1447 1341 1495 Moysen
1362 1449 1480 1483 Num.
1506 1457 1571 1494 27:

204 1506 498 1541 20“Assumme
527 1505 577 1541 ad
609 1513 731 1540 temet
753 1504 883 1552 ipsum
905 1506 1038 1540 Jesum
1064 1504 1190 1540 filium
1214 1507 1335 1551 Nave,
1368 1504 1571 1541 hominem

260 1563 328 1611 qui
362 1563 480 1599 habet
512 1562 696 1610 spiritum
721 1562 783 1598 dei
806 1562 846 1598 in
869 1571 993 1598 semet
1026 1562 1112 1610 ipso
1145 1572 1182 1599 et
1214 1563 1396 1611 impones
1429 1576 1571 1600 manus

260 1630 347 1657 tuas
380 1633 498 1668 super
531 1633 621 1656 eum
655 1629 692 1656 et
715 1629 862 1656 statues
887 1633 977 1656 eum
1001 1633 1136 1657 coram
1156 1621 1343 1658 Eleasaro
1367 1623 1572 1658 sacerdote

259 1688 296 1715 et
340 1688 526 1727 precepta
571 1680 664 1714 dato
712 1678 746 1714 ei
790 1678 831 1714 in
876 1687 1092 1726 conspectu
1131 1679 1258 1715 tocius
1298 1692 1497 1728 synagoge
1536 1689 1573 1716 et

257 1737 416 1785 precipe
450 1738 496 1772 de
530 1736 616 1784 ipso
640 1749 776 1773 coram
800 1736 854 1772 eis
878 1745 915 1772 et
938 1736 1049 1773 dabis
1074 1737 1296 1773 claritatem
1320 1746 1430 1774 tuam
1454 1750 1573 1786 super

200 1795 368 1831 25illum
413 1803 455 1830 ut
494 1794 659 1831 audiant
703 1807 793 1830 eum
839 1794 909 1830 filii
943 1795 1102 1831 Israel''.
1149 1795 1326 1832 Audistis
1371 1795 1573 1832 evidenter

255 1853 556 1889 ordinacionem
572 1852 762 1900 principis
784 1852 922 1900 populi
945 1862 1026 1889 tam
1053 1853 1258 1890 manifeste
1274 1854 1514 1902 descriptam
1531 1863 1573 1890 ut

256 1923 355 1959 pene
371 1910 622 1959 exposicione
643 1923 724 1947 non
746 1911 886 1958 egeat'.
910 1912 957 1946 Et
974 1912 1113 1947 eodem
1130 1911 1271 1959 spiritu
1288 1912 1433 1948 dicitur
1448 1913 1572 1960 prefe-

256 1969 354 2006 cisse
387 1971 526 2005 Petrus
555 1969 817 2014 Clementem,
851 1977 894 2005 ut
926 1978 1034 2016 patet
1067 1978 1157 2006 ante
1191 1971 1330 2006 eadem
1364 1970 1572 2018 questione

256 2040 342 2075 cap.
389 2028 539 2079 Symon
571 2027 724 2070 Petrus,
764 2035 801 2062 et
832 2026 888 2063 ita
926 2027 1163 2075 generaliter
1202 2029 1362 2076 quando
1401 2028 1571 2076 apostoli

200 2085 506 2133 Eoprefecerunt
541 2084 801 2133 presbiteros;
846 2086 969 2133 quod,
1013 2085 1045 2121 si
1083 2085 1297 2133 inspiracio
1342 2099 1417 2134 que
1457 2088 1573 2122 debet

255 2155 338 2179 esse
381 2143 531 2191 populo
574 2152 669 2179 nota
706 2142 886 2187 defuerit,
932 2143 1092 2180 mittant
1128 2152 1296 2190 sortem3
1342 2157 1423 2181 non
1466 2144 1572 2181 enim

257 2210 315 2238 est
336 2201 377 2237 in
398 2209 595 2249 potestate
617 2214 719 2249 pape
741 2201 802 2238 vel
826 2200 1000 2237 hominis
1022 2202 1127 2250 leges
1143 2201 1338 2250 scripture
1354 2204 1569 2241 destruere.

325 2344 346 2372 1,
367 2343 393 2363 2.
414 2340 447 2363 ut
465 2352 499 2356 —
518 2337 712 2372 prepositum
734 2344 792 2364 om.
811 2345 844 2371 g,
864 2337 927 2372 Iege
943 2345 1005 2372 pro
1027 2337 1063 2364 de
1083 2345 1150 2372 cap.
1171 2337 1271 2373 abccfff,
1292 2338 1356 2373 lege
1377 2346 1460 2365 corr.
1482 2339 1513 2365 in
1535 2339 1572 2365 de

255 2379 322 2410 cap.
342 2371 382 2404 d,·
407 2371 438 2399 Si
460 2371 582 2399 duobus
603 2380 671 2407 sup.
692 2371 779 2398 aneo.
800 2379 857 2398 om.
878 2372 980 2408 abcegf.
1088 2379 1112 2399 2.
1140 2372 1192 2399 illa
1213 2380 1275 2407 pro
1302 2381 1377 2408 eque
1397 2373 1436 2406 Ιι,·
1461 2373 1499 2400 ib.
1521 2373 1572 2400 de-

255 2406 318 2433 ficit
341 2405 415 2442 ems,-
443 2406 480 2433 ih.
508 2406 691 2434 declinando
719 2414 734 2433 c
754 2426 760 2437 ,
786 2414 868 2433 corr.
890 2407 920 2434 in
948 2407 984 2434 de
1011 2406 1151 2442 eligendo
1177 2415 1216 2439 cz;
1248 2407 1285 2434 ih.
1315 2409 1512 2443 propositum
1539 2416 1569 2435 α.

255 2441 279 2468 5.
306 2445 440 2468 cessaret
455 2441 512 2477 fg,
543 2449 625 2468 corr.
653 2441 685 2468 in
710 2446 845 2468 cassaret
873 2450 913 2474 α,·
941 2441 1063 2469 elleccio
1082 2442 1142 2478 fg,
1169 2449 1253 2469 corr.
1282 2442 1313 2469 in
1343 2442 1511 2470 elecciones
1539 2451 1570 2470 a.

255 2483 290 2502 11.
312 2475 407 2503 eciam
429 2475 518 2503 debet
537 2484 619 2503 corr.
641 2476 672 2503 ln
694 2476 821 2503 ecclesia
841 2475 932 2503 debet
951 2485 1006 2510 ag.
1109 2484 1146 2504 12.
1166 2476 1317 2504 Jeronimi
1337 2477 1399 2509 dlz,·
1419 2477 1492 2512 poni
1508 2485 1570 2513 pro

253 2510 402 2537 Jeronimi
423 2510 524 2546 bcesg,
551 2519 609 2538 om.
632 2511 737 2538 ceteri.
846 2510 884 2538 13.
906 2511 955 2538 ille
975 2519 1033 2539 om.
1055 2511 1074 2543 i,
1100 2515 1186 2538 actor
1200 2519 1262 2546 pro
1284 2519 1318 2538 ac
1337 2512 1477 2547 talisfg,
1502 2512 1570 2539 talis

255 2545 286 2571 in
308 2553 361 2572 ras
379 2552 417 2577 α;
445 2545 547 2573 officio
568 2553 651 2573 corr.
673 2545 704 2573 in
724 2544 840 2573 iudicio
860 2553 899 2577 α,·
924 2546 975 2573 oti‘.
997 2546 1072 2573 alias
1092 2546 1155 2573 iud.
1176 2546 1202 2578 b,
1221 2545 1284 2573 iud.
1307 2554 1389 2574 corr.
1412 2555 1443 2574 tn
1463 2546 1514 2574 off.
1535 2555 1569 2583 g.

256 2580 296 2606 16.
319 2579 355 2606 ad
377 2580 515 2615 precium
536 2588 570 2612 c,·
596 2580 633 2607 ib.
655 2579 788 2607 fortasse
807 2581 848 2607 al.
870 2588 907 2607 m.
928 2589 958 2613 a,
979 2589 1036 2608 omv
1058 2589 1090 2618 g.
1211 2589 1250 2615 17⁷
1272 2581 1328 2607 erit
1349 2585 1421 2608 tunc
1441 2582 1469 2613 ί,-
1498 2586 1570 2609 tunc

254 2614 294 2641 al.
316 2622 353 2641 m.
374 2614 437 2641 add
467 2623 497 2641 α.
623 2615 662 2642 18.
685 2614 798 2650 petenti
819 2616 922 2642 ceteri.
1049 2624 1091 2651 19.
1114 2615 1190 2642 deus
1210 2615 1274 2646 cell,
1296 2615 1443 2644 dominus
1464 2617 1568 2644 ceteri.

255 2656 301 2676 20.
323 2648 418 2676 Marie
435 2657 494 2684 pro
513 2649 599 2676 Nave
618 2658 670 2685 ag.
765 2648 807 2677 23.
830 2654 973 2684 precepto
994 2650 1013 2677 ἰ.
1113 2657 1160 2690 {³42
1180 2649 1325 2685 precipue
1345 2650 1413 2687 beg,
1433 2659 1516 2679 corr.
1539 2651 1569 2678 in

257 2683 380 2718 precipe
399 2691 446 2710 ac.
508 2683 554 2711 26.
577 2684 614 2711 de
634 2683 786 2720 scriptura
806 2684 884 2721 caffg
949 2692 993 2718 27.
1015 2693 1127 2720 expom
1148 2693 1168 2712 ι.
1223 2684 1269 2712 28.
1290 2685 1397 2713 Petrus
1418 2686 1460 2713 al.
1481 2694 1518 2713 m.
1540 2694 1570 2718 α,

255 2725 313 2745 om.
329 2717 433 2754 cdefg.
489 2726 536 2754 29.
557 2727 624 2754 cap.
641 2726 698 2746 om.
714 2718 842 2754 acdefg.
898 2718 943 2746 30.
966 2720 1141 2748 sacerdotes
1156 2719 1257 2755 presb.
1273 2720 1509 2756 ceteripraeter
1523 2721 1569 2748 clz.

256 2751 294 2780 31.
316 2757 389 2779 nota
408 2752 507 2788 hcefla
528 2761 590 2780 non
611 2753 715 2781 ceteri.
787 2753 831 2782 32.
853 2762 869 2781 a
890 2758 1040 2789 potestate
1059 2762 1090 2782 a.

331 2834 358 2855 1.
379 2823 431 2855 Cf.
450 2835 528 2867 pag.
549 2835 601 2868 29,
626 2836 652 2858 1.
735 2825 767 2858 8.
785 2826 860 2857 Act.
880 2826 902 2865 Ι,
923 2825 976 2857 26.
1055 2836 1105 2858 12.
1124 2826 1224 2858 Decr.
1243 2836 1270 2858 c.
1295 2826 1343 2867 16,
1364 2827 1402 2858 C.
1426 2826 1475 2867 18,
1495 2838 1528 2869 q.
1554 2837 1563 2859 1

256 2869 462 2912 (Friedberg
487 2871 510 2911 1,
539 2870 630 2913 595).
775 2871 825 2904 16.
859 2872 1011 2913 graciam
1044 2882 1108 2914 pro
1140 2873 1287 2913 gradum
1313 2874 1348 2904 in
1375 2874 1478 2915 Corp.
1505 2875 1568 2905 iur.

261 2926 311 2960 19.
337 2917 439 2948 Num.
460 2927 513 2960 27,
537 2916 587 2949 18.
661 2916 714 2949 28.
740 2918 839 2950 Decr-
866 2929 894 2950 c.
918 2928 968 2958 12,
987 2918 1025 2950 C.
1049 2918 1098 2959 18,
1117 2929 1151 2961 q,
1175 2929 1185 2950 1
1208 2919 1413 2962 (Friedberg
1434 2921 1456 2960 i,
1475 2919 1568 2963 594).

1806 296 1852 330 41

1612 699 1679 726 The
1701 699 1835 732 apostles

1611 734 1704 760 chose
1727 733 1763 770 by
1784 733 1836 760 lot.
