2002 3359
171 883 209 903 10

171 1163 206 1194 15

169 1753 184 1774 ω

169 2035 211 2066 30

225 241 315 270 CAP.
333 230 397 287 vi]
738 246 796 277 DE
825 246 1024 278 stMONiA.

224 351 340 398 layci,
394 350 489 399 quia
543 352 617 388 hoc
670 364 750 388 non
800 353 965 389 haberet
1018 355 1194 390 colorem
1251 355 1325 390 nisi
1374 365 1539 402 propter

224 409 432 458 spirituale
455 421 675 456 annexum;
709 418 745 446 et
769 423 839 458 per
863 423 1112 459 consequens
1136 426 1224 449 cum
1251 423 1416 461 propter
1442 415 1538 450 illud

224 467 404 516 precium
437 475 519 503 tarn
555 467 797 504 excessivum
830 468 1039 516 accipitur,
1073 470 1230 507 videtur
1252 473 1361 519 quod
1394 472 1540 519 princi-

224 525 368 574 paliter
400 524 498 561 illud
532 534 590 561 est
623 535 704 562 tam
739 539 829 563 care
861 527 1081 574 venditum,
1124 529 1217 577 quia
1250 529 1398 566 infame
1440 530 1540 567 foret

228 583 463 632 episcopum
496 592 607 620 tante
641 586 824 620 dotatum
872 594 953 622 tam
989 598 1079 622 care
1118 589 1291 624 vendere
1330 589 1540 635 corporale

224 641 464 679 laboricium
497 650 579 677 tam
615 641 831 679 abiectum.
866 645 963 679 Item
989 644 1181 692 queritur,
1216 645 1355 693 quanti
1380 646 1418 681 in
1440 646 1541 683 veri-

224 709 306 737 tate
349 700 454 736 valet
498 708 632 736 tantus
677 700 794 736 labor
838 701 1061 749 corporalis
1108 703 1310 752 episcopi3
1365 712 1402 740 et
1449 717 1539 741 cum

226 759 434 807 quondam
470 756 602 794 minus
625 757 749 795 valuit
774 771 894 807 quarn
922 761 1056 806 modo,
1090 774 1183 808 ymo
1218 762 1350 797 minus
1374 763 1478 799 valet
1502 763 1541 798 in

224 815 477 864 suffraganeo
523 828 645 864 quam
686 815 727 852 in
771 817 938 853 domino
979 818 1183 867 episcopo,
1230 820 1387 856 ridetur
1431 822 1539 869 quod

224 875 314 922 plus
335 874 441 910 valet
464 874 685 910 secundum
719 874 958 922 gravitatem
993 888 1165 924 persone
1198 886 1235 914 et
1268 878 1537 926 indigenciam

224 931 438 981 parrochie
471 933 520 968 ad
554 931 665 968 illum
700 933 897 970 laborem.
931 935 1032 971 Cum
1068 947 1162 983 ergo
1195 949 1297 972 unus
1327 936 1540 984 episcopus

224 990 273 1026 sit
313 988 469 1037 reliquo
513 990 685 1037 gravior,
732 999 769 1027 et
808 991 1035 1039 indigencia
1081 993 1171 1030 talis
1218 994 1541 1031 consecracionis

224 1056 356 1097 potest
379 1047 535 1084 infinite
560 1047 651 1096 fingi
672 1057 709 1085 et
728 1049 859 1086 carius
878 1051 1119 1098 appreciari,
1145 1052 1303 1088 videtur
1321 1054 1429 1100 quod
1450 1052 1541 1090 talis

223 1107 338 1143 labor
371 1105 551 1154 episcopi
585 1115 717 1154 potest
750 1108 800 1144 ad
832 1117 967 1144 votum
1005 1109 1043 1145 in
1076 1110 1212 1157 precio
1246 1111 1401 1155 extolli3
1443 1120 1479 1147 et
1510 1111 1540 1146 si

224 1176 394 1213 expense
418 1173 650 1212 pensantur,
686 1165 898 1214 episcopus
922 1177 1088 1215 propter
1112 1169 1210 1205 tales
1240 1169 1396 1205 labores
1421 1170 1540 1205 habet

224 1222 481 1259 dotacionem
528 1222 723 1271 pingwem
758 1237 780 1260 a
814 1237 905 1272 rege
938 1234 975 1261 et
1009 1238 1146 1274 regno,
1192 1240 1285 1275 ymo
1331 1236 1540 1275 sumptuo-

224 1280 320 1317 sitas
354 1279 586 1317 inordinata
620 1281 801 1330 episcopi
844 1283 882 1318 in
916 1283 1030 1331 equis
1069 1294 1106 1320 et
1145 1285 1349 1333 superflua
1388 1285 1541 1322 familia

226 1339 471 1375 redundaret
494 1337 534 1374 in
557 1348 839 1387 sumptuosum
865 1341 1087 1389 dampnum
1112 1343 1292 1388 ecclesie,
1318 1345 1425 1391 quod
1450 1343 1541 1380 licet

225 1396 275 1433 sit
318 1409 469 1444 verum,
515 1405 574 1433 est
618 1398 785 1435 omnino
832 1398 1110 1437 iracionabile.
1174 1403 1222 1437 Et
1270 1403 1541 1438 eodemmodo

226 1454 452 1492 comittitur
503 1456 700 1503 symonia,
763 1455 793 1492 si
849 1458 1091 1494 conducitur
1153 1459 1428 1507 suffraganeus
1491 1461 1539 1496 ad

225 1513 480 1562 coligendum
514 1514 730 1561 peccunias
752 1514 793 1550 in
818 1515 965 1551 talibus
989 1517 1156 1553 abiectis
1189 1517 1408 1565 opusculis.
1444 1520 1540 1554 Item

224 1571 382 1608 videtur
415 1572 523 1620 quod
557 1571 648 1608 talis
680 1573 795 1609 labor
827 1573 1007 1622 episcopi
1041 1575 1090 1611 sit
1112 1575 1315 1612 infinitum
1338 1576 1542 1613 valencior

225 1642 346 1678 quarn
380 1637 516 1666 tantus
548 1630 665 1666 labor
697 1630 819 1679 layciz
864 1634 933 1668 sed
974 1641 1109 1669 tantus
1148 1634 1264 1670 labor
1303 1635 1404 1682 layci
1436 1636 1542 1671 valet

225 1689 407 1735 obulum,
458 1696 498 1724 ut
541 1701 742 1736 suppono,
793 1701 888 1737 ergo
932 1689 999 1727 ille
1048 1692 1162 1728 labor
1210 1692 1389 1740 episcopi
1438 1694 1543 1729 valet

192 1743 424 1783 iinfinitam
466 1746 719 1794 peccuniam.
769 1749 839 1784 Vel
879 1761 973 1796 ergo
1020 1750 1142 1786 donet
1191 1762 1278 1786 eam
1319 1751 1443 1798 gratis
1481 1752 1541 1787 vel

225 1817 298 1853 pro
331 1816 434 1853 equo
467 1803 603 1853 precio
643 1805 743 1842 iuste
775 1807 932 1843 vendat.
982 1808 1243 1856 Assumptum
1285 1818 1407 1856 patet,
1449 1809 1542 1857 quia

225 1862 381 1910 signata
413 1875 488 1911 pro
521 1863 715 1910 porcione
748 1864 943 1901 racionali
978 1874 1139 1913 oportet
1179 1876 1470 1915 consequenter
1504 1867 1542 1903 in

226 1933 320 1957 casu
354 1921 588 1967 concedere,
622 1922 731 1970 quod
767 1922 1000 1959 benediccio
1033 1923 1213 1973 episcopi
1236 1925 1341 1961 valet
1372 1938 1414 1961 ex
1439 1938 1541 1973 equo

225 1979 405 2026 obulum,
422 1987 465 2015 ut
483 1979 629 2027 posito,
650 1981 757 2028 quod
776 1980 943 2017 totidem
965 1982 1273 2019 benedicciones
1292 1982 1539 2029 disseminet,

226 2046 325 2086 quot
356 2037 501 2073 obulos
533 2037 713 2086 recipiet,
747 2046 883 2086 preter
921 2052 1066 2086 unum3
1113 2049 1150 2076 et
1187 2049 1326 2077 tamen
1362 2042 1540 2078 valorem

225 2094 316 2131 talis
350 2094 647 2132 benediccionis
679 2105 844 2145 negaret
876 2096 1044 2134 villicus.
1079 2100 1126 2134 Et
1149 2099 1361 2147 theologus
1391 2099 1541 2136 diceret

227 2154 335 2202 quod
368 2152 409 2189 in
440 2153 510 2190 tali
543 2153 752 2191 venditore
785 2155 1064 2192 columbarum
1097 2156 1200 2193 foret
1232 2157 1400 2193 fetidum
1424 2170 1541 2194 vene-

226 2224 337 2259 num,
372 2210 466 2260 quia
498 2213 721 2248 secundum
746 2214 908 2249 beatum
933 2213 1171 2262 Gregorium
1196 2223 1234 2251 et
1257 2216 1462 2251 decretum
1489 2217 1534 2252 81

227 2269 492 2307 distinccione
511 2282 598 2318 cap.
624 2270 667 2306 Si
682 2271 860 2320 quisunt,
879 2273 976 2308 deus
993 2271 1062 2320 illi,
1091 2272 1152 2309 cui
1172 2272 1263 2309 talis
1282 2273 1540 2322 benedixerit,

295 2414 325 2439 4.
347 2409 392 2432 est
412 2404 452 2432 ill.
468 2405 568 2442 adfg;
586 2413 678 2433 causa
694 2410 755 2433 tam
771 2414 838 2434 care
852 2407 942 2442 aljfg.
998 2407 1024 2434 (3.
1038 2415 1098 2442 pro
1113 2407 1267 2443 queritur:
1289 2408 1498 2436 communiter
1512 2409 1542 2443 d,

227 2439 299 2473 quia
318 2441 422 2467 ceteri.
479 2448 502 2475 7.
526 2440 657 2467 carnalis
678 2441 765 2468 labor
785 2441 804 2467 i.
861 2442 887 2468 ὅ.
909 2442 1026 2476 quond.
1048 2450 1130 2469 corr.
1146 2450 1184 2470 ex
1203 2442 1331 2481 quidam
1352 2452 1391 2475 a,·
1410 2443 1492 2478 quod
1515 2452 1541 2476 c,

227 2473 412 2509 quibusdam
432 2483 474 2511 g,·
493 2475 531 2502 ib.
553 2475 631 2502 valet
652 2476 681 2502 in
702 2476 745 2502 al.
766 2484 803 2502 m.
825 2484 855 2511 a,
876 2484 933 2504 om.
955 2484 988 2512 g.
1080 2475 1117 2504 13.
1139 2485 1263 2512 gravius
1283 2478 1387 2514 bcejfg,
1409 2486 1490 2506 corr.
1512 2479 1543 2506 in

227 2509 329 2536 carius
347 2516 377 2535 α.
520 2509 562 2537 16.
583 2514 611 2536 et
631 2518 646 2536 a
668 2518 761 2545 regno
787 2519 841 2547 ag.
985 2519 1024 2546 17.
1046 2520 1143 2547 equos
1170 2520 1204 2547 g,
1232 2520 1313 2540 corr.
1341 2513 1372 2539 in
1398 2513 1486 2547 equis
1512 2521 1540 2541 α.

227 2541 271 2570 23.
292 2543 352 2571 Sed
372 2559 405 2562 —
424 2543 491 2571 laici
512 2545 552 2578 al,
572 2553 610 2571 m.
631 2544 702 2572 adh.
823 2553 870 2579 24.
892 2550 924 2572 ut
945 2554 1035 2581 supp.
1056 2547 1097 2573 al.
1118 2555 1155 2573 m.
1177 2547 1206 2576 lz,
1229 2547 1417 2582 supponitur
1438 2548 1541 2576 ceteri.

227 2578 274 2605 26.
296 2578 400 2617 aliquo
421 2586 466 2613 pr.
487 2578 518 2611 i;
543 2579 582 2606 ib.
604 2584 819 2614 argumentum
838 2588 901 2615 pro
922 2589 982 2607 ass.
1003 2581 1107 2608 ceteri.
1187 2583 1231 2608 28.
1252 2590 1287 2608 ex
1309 2590 1369 2616 quo
1390 2583 1467 2609 valet
1486 2590 1541 2617 ag.

228 2620 276 2646 29.
298 2612 426 2640 diffiniet
440 2621 502 2648 pro
521 2613 647 2641 dissem.
663 2614 746 2650 abcf,
767 2615 868 2642 differt
887 2623 912 2642 e.
975 2614 1020 2642 30.
1042 2615 1218 2643 oblaciones
1239 2624 1319 2643 corr.
1335 2616 1366 2643 in
1387 2617 1470 2643 obul.
1490 2618 1541 2651 nd,

229 2647 406 2674 oblaciones
425 2647 528 2684 bcejfg.
600 2648 639 2675 31.
666 2654 781 2677 vetaret
802 2649 863 2677 vill.
885 2651 915 2683 i‚·
939 2650 976 2676 ib.
999 2650 1061 2677 vill.
1081 2651 1113 2678 in
1134 2658 1247 2678 rasura
1266 2659 1296 2685 α,
1324 2658 1382 2678 om.
1404 2651 1430 2681 b,
1459 2653 1543 2680 valli-

228 2687 278 2709 tus
296 2682 356 2717 cegf,
375 2681 529 2709 vallerius
547 2691 579 2718 g,
599 2683 737 2711 wallicus
756 2684 784 2711 Ιι.
840 2683 883 2712 32.
903 2685 1038 2712 columb.
1059 2686 1100 2712 al.
1116 2693 1154 2712 m.
1175 2694 1204 2712 a.
1227 2693 1284 2712 om.
1298 2694 1340 2721 g;
1358 2686 1396 2712 ib.
1413 2686 1541 2714 fetidum

229 2717 260 2744 in
281 2725 341 2744 ras.
361 2725 400 2748 a;
426 2717 569 2744 seduccio
588 2725 696 2745 venen.
717 2719 768 2755 hg,
785 2727 846 2755 pro
866 2727 1035 2747 venenum:
1058 2720 1184 2747 seducto
1205 2720 1250 2752 cll,
1273 2721 1432 2748 seductum
1456 2729 1542 2748 venc-

230 2759 303 2778 num
325 2751 354 2784 d,
375 2752 425 2778 fet.
447 2759 517 2786 om„
545 2752 671 2780 seducto
698 2761 765 2780 ven.
793 2754 834 2789 ef.
943 2753 986 2781 33.
1015 2754 1107 2789 Greg.
1135 2763 1218 2782 corr.
1240 2756 1271 2782 ιή
1298 2756 1485 2783 Gracianum
1513 2756 1542 2783 d.

230 2785 275 2819 134.
296 2794 362 2821 cap.
385 2794 433 2813 om
453 2787 565 2819 ceteri;
591 2787 629 2814 ib.
650 2788 692 2815 illi
714 2789 754 2815 al.
776 2796 813 2815 m.
836 2797 866 2823 a,
887 2797 945 2815 om.
965 2798 997 2826 g.

300 2870 353 2903 33.
372 2870 477 2912 Corp.
497 2871 560 2902 iur.
579 2881 653 2903 can.
672 2882 700 2903 c.
721 2872 769 2912 15,
788 2873 828 2904 l).
846 2874 884 2903 81
909 2873 1063 2907 ‹Friedb.
1087 2872 1217 2914 1,284)‚
1238 2873 1279 2904 cf.
1300 2873 1444 2905 Malach.
1465 2884 1494 2913 2,
1512 2884 1541 2904 2.
