2002 3359
189 285 238 319 66
911 290 1133 321 lollANNlS
1162 291 1344 322 wx'cm
1621 280 1726 333 {ew
1748 287 1783 312 v,

477 409 556 432 non
581 405 637 432 est
660 396 839 441 licencia,
864 397 931 432 sed
955 395 1209 443 presumpcio
1233 395 1369 432 illicita
1393 395 1627 433 antichristi.
1662 396 1788 434 Aliter

476 454 581 491 enim
606 453 727 490 nichil
750 454 857 502 quod
882 466 986 502 papa
1010 454 1219 502 approbat,
1245 454 1344 490 foret
1372 453 1600 491 inordinata
1616 455 1785 499 volucio,

476 522 512 548 et
544 525 614 560 per
647 524 894 559 consequens
928 524 999 548 nec
1033 524 1138 560 papa
1169 524 1243 548 nec
1275 511 1418 560 aliquis
1453 514 1662 549 tractando
1695 526 1784 549 cum

476 583 521 606 eo
554 570 613 607 vel
645 569 726 606 suis
759 569 984 606 comitteret
1016 569 1260 618 symoniam:
1300 571 1407 618 quod
1438 570 1537 607 foret
1566 570 1788 607 meridiana

476 627 619 663 cecitas
642 626 825 664 infidelis.
861 628 1030 676 Oportet
1053 641 1147 676 ergo
1172 629 1220 665 ad
1244 627 1505 665 iudicandum
1529 628 1681 678 aliquid
1704 641 1787 666 esse
1804 627 1820 659 5

474 685 704 722 ordinatum
755 686 815 722 vel
867 685 1142 722 inordinatum
1194 687 1400 723 consulere
1450 686 1577 735 legem
1626 686 1703 734 dei,
1748 686 1787 723 in

474 756 554 791 qua
575 743 707 780 omnis
729 743 792 780 dei
814 743 970 781 volucio
1002 744 1062 782 vel
1093 743 1301 781 ordinacio
1335 753 1391 782 est
1424 754 1632 792 contenta;
1666 744 1787 781 nichil

475 801 579 837 enim
615 811 671 839 est
702 801 858 839 licitum
891 801 966 838 nisi
1000 803 1047 839 de
1070 811 1222 851 quanto
1245 802 1497 839 ordinacioni
1527 811 1563 840 et
1585 802 1785 841 volucioni

474 860 536 896 dei
581 860 699 897 fuerit
746 861 1054 897 conformatum.
1103 861 1180 897 Sed
1227 861 1320 898 heu!
1368 861 1626 898 antichristus
1665 861 1787 909 scrip-

473 926 605 954 turam
639 918 755 955 istam
790 927 827 955 et
849 917 904 955 sic
932 919 1177 956 voluntatem
1203 919 1263 955 dei
1294 918 1414 955 nimis
1442 918 1663 966 obnubilat,
1698 919 1786 956 ideo
1808 930 1845 951 Η)

474 989 634 1013 necesse
678 985 735 1013 est
785 977 1030 1013 voluntatem
1085 976 1147 1013 dei
1200 989 1407 1014 remanere
1460 977 1704 1025 incognitam
1750 986 1787 1013 et

472 1035 719 1071 voluntatem
753 1034 976 1071 antichristi
1009 1035 1144 1083 patule
1183 1047 1265 1072 esse
1305 1044 1522 1072 executam.
1570 1035 1786 1084 Supposito

474 1105 567 1141 ergo
611 1093 729 1140 quod*
771 1093 919 1129 factum
970 1093 1029 1129 vel
1079 1093 1283 1129 decretum
1336 1106 1438 1141 pape
1489 1093 1538 1130 sit
1589 1093 1785 1131 illicitum.

473 1150 602 1187 omnis
648 1149 899 1187 Christianus
943 1151 1059 1187 debet
1097 1159 1248 1188 attente
1280 1164 1506 1199 supponere
1539 1151 1669 1200 ipsum
1704 1165 1787 1187 csse

475 1208 718 1263 huiusmodi,
765 1222 813 1246 ne
846 1209 1050 1256 sequendo
1084 1209 1200 1246 cadat
1234 1209 1273 1245 in
1313 1209 1464 1246 foveam
1499 1218 1535 1246 et
1570 1221 1612 1246 ex
1647 1219 1787 1257 parato
1810 1215 1844 1247 [ἦ

473 1267 616 1314 laqueo
669 1266 814 1303 diaboli
873 1266 1124 1314 decipiantur
1188 1267 1311 1304 multe
1363 1267 1495 1304 anime
1547 1267 1786 1304 Christiane.

475 1327 670 1361 Probatur
734 1325 811 1362 sic:
876 1326 983 1373 Papa
1045 1326 1161 1361 debet
1222 1338 1448 1374 supponere
1517 1325 1664 1362 factum
1728 1326 1787 1362 vel

474 1384 678 1420 decretum
731 1396 847 1420 suum
902 1383 1131 1420 huiusmodi
1185 1395 1268 1420 esse
1321 1383 1470 1422 malum
1533 1393 1654 1431 atque
1716 1383 1787 1419 illi-

473 1441 610 1488 citum,
658 1450 764 1478 totus
807 1454 899 1489 grex
942 1454 1036 1477 suus
1081 1441 1196 1478 debet
1240 1441 1352 1489 sequi
1398 1441 1527 1490 ipsum
1562 1440 1601 1477 in
1635 1441 1787 1478 cunctis

473 1499 608 1536 licitis:
654 1512 748 1547 ergo
791 1508 897 1536 totus
942 1511 1034 1547 grex
1075 1512 1169 1535 suus
1212 1499 1329 1536 debet
1369 1512 1595 1547 supponere
1637 1499 1784 1536 factum
1804 1514 1846 1536 20

235 1566 302 1595 Tne
324 1567 403 1603 Ρορο
473 1559 551 1594 tale
585 1571 667 1595 esse
699 1557 897 1594 illicitum.
932 1557 1060 1593 Maior
1093 1566 1201 1605 patet
1235 1570 1277 1593 ex
1308 1558 1382 1594 hoc
1406 1558 1513 1605 quod
1543 1570 1647 1606 papa
1671 1559 1786 1594 debet

214 1603 322 1629 should
346 1604 432 1629 ”¹²¹¹oe
474 1617 522 1652 de
566 1615 743 1664 quolibet
788 1615 892 1652 facto
931 1615 998 1651 tali
1038 1614 1189 1652 conteri
1230 1624 1266 1652 et
1306 1616 1529 1652 revocando
1568 1628 1638 1664 per
1676 1615 1787 1652 satis-

294 1638 373 1664 ublic

210 1646 432 1734 lessleililssffffffzs
475 1674 694 1711 faccionem
719 1675 792 1710 deo
817 1682 853 1710 et
877 1672 1040 1710 ecclesie
1063 1672 1256 1713 confiteri,
1291 1675 1398 1721 quod
1424 1687 1503 1709 non
1537 1673 1683 1710 faceret
1712 1673 1786 1709 nisi

213 1741 292 1767 done
313 1750 429 1776 wrong.
475 1741 718 1780 supponeret
751 1732 900 1768 factum
934 1744 1050 1767 suum
1085 1730 1203 1768 fuisse
1236 1731 1433 1770 illicitum,
1470 1732 1582 1768 Unde
1615 1744 1705 1768 cum
1739 1731 1788 1767 sit

473 1791 585 1826 valde
624 1789 851 1838 peccabilis,
890 1788 1107 1837 requiritur
1145 1788 1184 1825 in
1225 1801 1270 1826 eo
1308 1788 1515 1837 patencior
1547 1789 1843 1835 satisfaccio,23

473 1862 521 1885 ne
579 1861 648 1896 per
706 1860 797 1884 eum
856 1846 1060 1884 residuum
1121 1847 1249 1895 gregis
1307 1846 1498 1884 dominici
1558 1848 1785 1885 seducatur.

473 1906 678 1942 Recoleret
696 1905 832 1954 itaque
849 1904 926 1943 vite
946 1904 1050 1941 Petri
1070 1913 1106 1941 et
1123 1904 1249 1942 sancti
1270 1904 1389 1941 Elizei
1409 1918 1498 1942 cum
1519 1904 1599 1942 suis
1618 1905 1786 1942 decretis

473 1973 509 2000 et
548 1977 627 2000 non
672 1963 902 2012 symoniace
946 1963 1195 1999 acumularet
1233 1962 1305 1998 sibi
1345 1963 1581 2011 peccuniam
1622 1973 1786 2011 propter

194 2029 444 2072 &varying-*rom
474 2023 682 2059 mundum.
717 2021 807 2059 Gesi
841 2020 946 2058 enim
993 2020 1157 2057 affectus
1189 2020 1267 2058 vite
1298 2020 1575 2069 proprietarie‚
1610 2022 1784 2058 amando

255 2066 369 2092 0⁶¹¹²¹²¹
473 2080 699 2117 inordinate
749 2092 789 2116 se
842 2078 987 2127 ipsum,
1046 2088 1083 2116 et
1139 2079 1338 2115 detestans
1391 2078 1512 2116 vitam
1565 2092 1782 2128 pauperem
1800 2085 1842 2118 30

474 2147 510 2174 et
556 2150 811 2175 communem
857 2136 984 2174 sancti
1029 2136 1149 2174 Elizei
1200 2136 1353 2174 domini
1402 2136 1476 2183 sui,
1530 2136 1684 2185 accepit
1736 2138 1784 2174 de

473 2197 655 2232 Naaman
706 2196 785 2232 duo
829 2195 992 2241 talenta,
1039 2203 1075 2232 et
1113 2194 1340 2232 simulando
1379 2207 1425 2232 ac
1465 2194 1496 2232 si
1534 2194 1656 2232 nichil
1690 2194 1784 2232 mali

474 2253 629 2301 egisset,
675 2252 911 2302 perquisivit
953 2252 1026 2289 sibi
1064 2251 1199 2290 vineas
1238 2261 1275 2290 et
1318 2251 1482 2299 oliveta3
1526 2254 1595 2290 sed
1633 2252 1785 2290 audivit

473 2312 615 2349 duram
639 2311 705 2348 sed
730 2311 874 2348 iustam
899 2310 1074 2348 divinam
1095 2310 1355 2358 sentenciam,
1386 2319 1430 2348 ut
1451 2319 1561 2360 patet
1582 2323 1608 2357 4
1631 2312 1722 2359 Reg.
1749 2312 1783 2357 5,

541 2454 567 2476 2.
589 2447 697 2482 probat
717 2454 751 2481 g,
771 2452 855 2473 corr.
876 2453 907 2473 τη
928 2446 1061 2481 approb.
1081 2453 1112 2479 a,
1133 2445 1286 2485 approbet
1305 2445 1336 2478 ι”,·
1361 2444 1399 2473 ib.
1421 2445 1504 2473 fieret
1524 2452 1588 2481 ag;
1608 2444 1646 2472 ila.
1669 2445 1782 2472 voticis>

473 2482 575 2509 ceteri.
666 2481 689 2508 5.
717 2488 789 2515 ergo
809 2489 860 2515 op.
881 2480 947 2515 bds.
1038 2481 1065 2513 6,
1086 2488 1113 2520 7.
1141 2480 1187 2507 dei
1208 2496 1241 2501 —
1261 2479 1363 2508 omnis
1383 2480 1422 2507 al.
1440 2487 1478 2507 m.
1499 2480 1529 2507 Ιι.
1619 2488 1646 2515 7.
1673 2480 1785 2507 volicio

473 2517 585 2548 celem}-
604 2515 798 2543 inordinacio
818 2515 845 2542 Ιι.
918 2516 945 2544 ὅ.
962 2523 1023 2550 pro
1044 2523 1142 2542 enim:
1164 2519 1265 2542 autem
1287 2514 1414 2550 acdffg,
1435 2523 1569 2549 namque
1588 2515 1624 2546 b:
1650 2515 1687 2542 ib.
1711 2515 1784 2542 roli-

473 2552 552 2578 cioni
572 2559 626 2587 ag,
646 2550 798 2578 voluntati
818 2550 923 2577 ceteri.
997 2557 1025 2585 ς).
1047 2551 1261 2577 confirmatum
1282 2549 1310 2576 Ιι.
1393 2558 1432 2577 10.
1454 2558 1487 2576 11.
1510 2549 1584 2576 nim.
1605 2565 1637 2568 ——
1658 2550 1704 2577 dci
1726 2558 1784 2576 om.

472 2585 597 2621 ‹ibccygn
618 2586 659 2613 al.
681 2593 718 2612 m.
740 2584 812 2612 add.
832 2585 861 2612 d.
961 2592 999 2612 12.
1022 2593 1089 2611 esse
1109 2588 1171 2619 pat.
1192 2584 1313 2619 bcdqsg.
1412 2583 1449 2611 13.
1470 2588 1572 2612 autem
1590 2592 1651 2619 pro
1672 2592 1744 2618 ergo
1763 2584 1783 2611 i.

475 2620 510 2647 15.
539 2629 573 2647 ex
616 2624 702 2647 arato
722 2619 770 2650 dlz,
797 2626 832 2646 ex
858 2624 966 2654 aperto
993 2619 1098 2655 bcqu,
1124 2626 1207 2646 corr.
1229 2619 1259 2645 in
1287 2619 1317 2646 in
1344 2623 1470 2653 experto
1497 2625 1526 2650 ιι,
1553 2619 1581 2645 in
1610 2623 1737 2654 experto
1764 2618 1784 2645 i.

474 2656 514 2681 ιι).
536 2659 631 2682 mute
651 2662 699 2682 an.
721 2655 786 2682 dec.
806 2662 859 2694 ag.
969 2662 1006 2688 17.
1029 2654 1175 2689 l'apamet
1195 2653 1264 2680 deb.
1287 2653 1315 2679 Ιι.
1425 2655 1464 2681 ιδ.
1487 2661 1553 2680 esse
1574 2653 1708 2681 huiusm.
1729 2661 1783 2689 ag.

475 2697 515 2719 ιιι,
538 2697 582 2716 20.
605 2693 689 2716 totus
711 2704 739 2708 —
761 2688 853 2716 licitis
872 2689 914 2716 al.
934 2697 971 2715 m.
994 2689 1022 2715 Ιι.
1115 2695 1159 2715 20.
1181 2687 1268 2715 debet
1291 2696 1367 2723 pape
1389 2697 1478 2722 supp.
1500 2688 1527 2715 Ιι.
1620 2695 1661 2715 21.
1683 2688 1784 2714 minor

473 2732 556 2751 cnrr.
571 2724 601 2750 in
618 2723 716 2751 maior
730 2732 754 2751 c.
770 2723 872 2750 minor
885 2724 997 2755 ceteri;
1016 2723 1053 2750 ib.
1070 2727 1151 2757 patet
1165 2731 1199 2749 co
1212 2723 1325 2755 κίονί,-
1343 2723 1381 2749 z‘lw.
1398 2723 1485 2750 debet
1502 2722 1532 2749 1‘11
1548 2730 1637 2750 versu
1654 2729 1694 2749 22.
1713 2725 1784 2757 pos!

474 2758 524 2785 tali
545 2759 649 2786 ceteri.
723 2758 766 2786 23.
789 2758 846 2785 nisi
867 2758 948 2793 quod
971 2758 1014 2785 sic
1035 2766 1103 2792 sup.
1124 2757 1171 2792 ulf,
1193 2762 1225 2784 ut
1245 2757 1288 2784 sic
1308 2757 1410 2784 celeri.
1491 2757 1533 2784 25.
1557 2758 1714 2792 patencior
1732 2757 1782 2787 dlz„

496 2792 633 2819 otencior
648 2793 750 2820 ceteri.
805 2800 850 2827 27.
872 2793 968 2820 sancti
982 2800 1042 2819 om.
1056 2793 1077 2820 i.
1138 2793 1185 2819 28.
1206 2800 1283 2827 sym.
1298 2792 1339 2818 al.
1354 2799 1391 2821 m.
1406 2792 1434 2819 Ιι.
1490 2791 1533 2818 32.
1556 2792 1627 2819 mali
1643 2792 1684 2819 al.
1700 2799 1737 2818 m.
1753 2791 1782 2818 Ιι.

473 2801 520 2860 ξ4.
541 2831 570 2856 et
590 2827 700 2854 iustam
722 2827 836 2859 celeri:
854 2827 891 2854 ih.
914 2827 961 2854 dei
983 2831 1059 2855 sent.
1082 2827 1110 2859 i,·
1132 2827 1176 2855 sic
1196 2834 1255 2853 om.
1277 2827 1296 2854 i.

548 2910 598 2942 15.
624 2910 743 2942 Matth.
766 2910 815 2950 15,
840 2920 889 2951 14.
986 2920 1039 2952 27.
1066 2910 1118 2941 Cf.
1143 2920 1165 2950 4
1191 2910 1276 2952 Reg.
1304 2910 1333 2942 5.
