2002 3359
259 284 347 312 cAp.
371 275 469 329 vni]
770 288 828 319 DE
856 287 1057 319 snioNIA.
1784 286 1855 322 ¹09

259 395 493 444 gravissima
538 395 640 431 foret
693 394 925 441 episcopum
981 393 1269 440 parvipendere
1321 391 1458 428 vicarii
1511 391 1570 427 sui

259 454 457 498 officiumg
498 466 587 489 cum
628 453 731 488 enim
773 453 990 487 secundum
1039 452 1263 498 apostolum
1316 464 1322 484 ι
1376 451 1467 486 Cor.
1510 463 1568 494 14,

260 511 397 548 omnia
431 512 577 547 debent
611 510 696 546 ficri
736 511 784 546 ad
827 509 1131 545 edificacionem
1167 522 1239 544 nec
1274 509 1392 544 habet
1439 517 1570 555 potes-

260 579 381 607 tatem
438 569 609 606 faciendi
661 568 884 616 quidquam
937 566 1011 603 nisi
1073 567 1112 603 in
1166 566 1463 603 edificationem
1528 575 1571 602 ut

228 631 369 677 §patet
404 630 433 663 ΙΙ
475 629 566 664 Cor.
622 627 682 669 13,
728 627 845 674 plane
893 625 1072 673 sequitur
1117 626 1224 673 quod
1270 624 1572 672 appropriando

261 685 462 732 ecclesias,
497 685 571 721 nisi
605 694 647 721 ut
670 684 719 720 sit
746 697 841 720 cura
874 683 1130 730 fructuosior,
1164 692 1221 719 est
1244 684 1367 719 stulto
1391 682 1570 729 stulcior,

260 744 353 793 quia
399 743 703 792 appropriando
760 742 876 779 aliter
923 751 1088 789 propter
1150 741 1354 777 modicum
1415 742 1570 777 lucrum

263 802 423 839 comodi
457 801 691 848 temporalis
725 809 866 837 onerat
900 812 939 835 se
978 800 1209 847 symoniace
1244 801 1292 835 ad
1328 801 1573 846 responden-

261 862 354 896 dum
390 861 464 896 deo
498 872 569 907 pro
602 868 715 895 tanto
749 859 905 895 defectu
928 857 1259 894 deterioracionis
1292 870 1361 893 sue
1395 858 1573 903 ecclesie,

207 931 245 952 ιο
261 920 367 967 quod
401 919 522 954 homo
556 930 636 953 non
669 918 817 953 faceret
848 929 922 964 pro
956 926 1041 952 toto
1077 918 1239 952 mundo.
1275 916 1367 951 Ideo
1397 915 1574 963 episcopi

260 976 486 1013 necessitati
520 985 611 1012 sunt
644 975 884 1021 deffendere,
925 976 1031 1022 quod
1066 987 1206 1010 omnes
1240 974 1383 1023 quibus
1420 984 1575 1022 vappro-

259 1034 393 1082 priant
425 1034 612 1070 ecclesias
644 1034 703 1070 vel
736 1033 1054 1082 appropriabant
1093 1033 1131 1068 in
1164 1045 1235 1069 sua
1269 1032 1432 1075 diocesi,
1472 1032 1575 1067 fruc-

259 1093 414 1130 tuosius
441 1092 631 1129 adiuvant
662 1092 769 1140 ipsos
797 1101 978 1139 gerentes
1012 1090 1231 1127 officiosius
1271 1103 1408 1127 curam
1440 1089 1574 1126 ovium

261 1165 381 1201 quam
416 1160 590 1187 rectores
615 1159 707 1187 ante
742 1163 786 1187 ea
811 1158 1062 1199 curaverant,
1088 1163 1178 1185 cum
1204 1148 1320 1185 aliter
1344 1149 1473 1184 forent
1498 1148 1574 1195 ipsi

208 1217 243 1248 15
261 1211 598 1258 pseudopastores
658 1218 694 1245 et
752 1218 1034 1256 procuratores
1080 1206 1318 1252 antichristi,
1371 1208 1418 1242 de
1464 1215 1574 1242 tanto
1590 1209 1860 1251 The-superfiuity

262 1277 468 1317 portantes
501 1266 660 1316 gravius
683 1280 784 1303 onus
809 1266 986 1303 ecclesie.
1013 1265 1259 1302 Conceditur
1282 1274 1431 1309 tamen,
1466 1265 1574 1312 quod
1608 1246 1843 1316 nffiyabffagifgn

263 1327 415 1362 licitum
452 1335 489 1362 et
522 1325 774 1361 meritorium
810 1334 867 1361 est
903 1324 943 1360 in
977 1337 1070 1361 casu
1104 1323 1314 1372 parrochie
1359 1324 1463 1359 ultra
1497 1323 1575 1358 suf-
1637 1319 1668 1342 to
1689 1316 1819 1342 another

1590 1351 1784 1381 communitv
1804 1351 1858 1377 but

262 1384 486 1421 ficienciam
536 1383 803 1420 necessariam
850 1382 908 1419 sui
956 1382 1099 1430 privati
1144 1382 1272 1418 curati
1316 1381 1445 1417 facere
1499 1382 1575 1416 ele-
1598 1382 1826 1432 :onlytby‘the

264 1443 441 1479 mosinas
475 1444 522 1478 de
556 1441 735 1488 decimis,
781 1441 1061 1478 oblacionibus
1108 1450 1176 1477 aut
1220 1439 1308 1476 aliis
1348 1439 1576 1476 elemosinis
1592 1425 1653 1447 ἷκε
1672 1421 1791 1487 Σιυὲιξί
1808 1421 1858 1446 the

207 1517 249 1538 20
264 1501 386 1550 gratis
420 1500 524 1537 datis
558 1499 841 1537 communitati
880 1500 941 1536 vel
986 1511 1155 1547 persone
1189 1499 1237 1535 ad
1283 1511 1403 1546 quam
1454 1497 1576 1545 gratis

265 1560 459 1596 deliberat
491 1559 735 1604 faciendum,
768 1560 836 1594 sed
865 1559 938 1594 hoc
972 1557 1144 1594 alienum
1181 1566 1237 1593 est
1270 1569 1293 1592 a
1330 1555 1577 1592 limitacione

265 1618 324 1654 sui
358 1617 550 1666 episcopi,
597 1629 644 1654 ne
690 1617 790 1652 forte
839 1617 1095 1652 conswetudo
1141 1616 1324 1651 trahatur
1369 1614 1408 1649 in
1448 1614 1576 1661 legem

266 1674 530 1712 execrabilem
564 1685 601 1711 et
635 1675 852 1711 elemosina
890 1673 1117 1710 voluntaria
1150 1673 1190 1710 in
1236 1672 1419 1709 servilem
1467 1685 1578 1708 exac-

265 1734 435 1771 cionem.

211 1798 249 1829 25
324 1793 402 1829 Sed
447 1791 591 1828 ultimo
637 1791 794 1827 videtur
847 1789 963 1826 istam
1010 1788 1255 1826 sentenciam
1315 1790 1364 1825 ad
1421 1797 1577 1824 tantum
1612 1797 1768 1836 Itis-said
1790 1805 1847 1823 our

265 1852 428 1887 turbare
461 1849 685 1895 ecclesiam,
725 1849 832 1897 quod
867 1848 1099 1884 defficerent
1135 1860 1330 1895 paparum
1371 1859 1579 1883 consecra-
1596 1831 1868 1894 ἓῗῇξζᾙῖζῇᾖιξὲῗ]

267 1908 416 1955 ciones,
469 1908 751 1956 episcoporum
797 1905 1104 1942 benedicciones
1143 1914 1180 1941 et
1221 1905 1434 1941 missarum
1480 1906 1580 1941 cele·
1625 1901 1842 1929 ritcsinvalid.

267 1966 493 2012 braciones,
528 1979 574 2002 eo
609 1967 715 2014 quod
740 1964 878 2001 omnia
902 1964 998 2001 talia
1022 1963 1244 2000 ministeria
1268 1963 1308 1999 in
1338 1962 1580 2011 symoniacis

269 2033 360 2061 sunt
417 2024 576 2061 infecta.
624 2023 698 2060 Hic
758 2022 904 2059 dicitur
953 2022 1214 2059 concedendo
1275 2021 1578 2058 conclusionem

210 2089 252 2119 30
268 2096 362 2119 nam
423 2082 523 2118 ritus
570 2082 670 2118 tales
726 2080 1028 2129 indisponentes
1087 2079 1298 2116 ecclesiam
1354 2079 1581 2116 necessario

270 2142 420 2177 habent
455 2140 575 2177 finem
610 2148 648 2176 et
681 2152 772 2176 cum
813 2152 884 2187 per
916 2151 956 2175 se
1004 2147 1145 2175 notum
1192 2137 1241 2174 sit
1286 2150 1329 2174 ex
1374 2137 1582 2186 principiis

269 2198 363 2235 fidei
396 2199 504 2247 quod
538 2197 721 2245 symonia
744 2197 793 2234 sit
825 2210 950 2233 unum
975 2198 1023 2233 de
1046 2195 1220 2244 peccatis
1254 2195 1511 2244 gravissimis,
1546 2205 1583 2231 et

267 2257 413 2294 iterum
446 2265 585 2293 notum
612 2255 661 2292 sit
706 2268 750 2292 ex
794 2255 945 2292 eisdem
992 2253 1200 2303 principiis
1245 2255 1354 2302 quod
1399 2253 1584 2303 quitquid

339 2388 358 2407 1.
385 2379 442 2407 vic.
464 2378 615 2407 adiutor-is
636 2378 683 2406 sui
704 2378 825 2417 abcdef,
852 2377 1004 2405 adiutoris
1031 2385 1111 2405 corr.
1133 2377 1164 2404 in
1191 2376 1298 2404 vicarii
1325 2376 1354 2404 Ιι.
1445 2385 1470 2404 2.
1492 2377 1503 2404 Ι
1524 2385 1582 2404 om.

267 2414 366 2450 abcef.
438 2423 458 2448 4
489 2413 661 2441 edificando
676 2421 718 2440 ce.
791 2419 814 2440 3.
836 2413 863 2440 ΙΙ
883 2421 942 2440 om.
958 2411 1035 2448 bcef.
1110 2413 1138 2440 6.
1155 2412 1205 2439 ubi
1219 2412 1258 2438 sit
1271 2412 1374 2439 ceteri.
1449 2421 1474 2447 7.
1496 2412 1584 2439 aliter

270 2458 349 2485 papa
359 2449 406 2476 ab.
469 2448 496 2476 8.
508 2453 602 2484 temp.
615 2456 730 2476 comm.
741 2448 846 2475 celeri.
914 2456 954 2474 10.
972 2456 1027 2482 pro
1042 2452 1062 2475 t.
1078 2456 1118 2475 m,
1136 2455 1196 2474 non
1210 2447 1229 2474 f.
1244 2447 1348 2474 ceteri.
1416 2455 1454 2474 12.
1471 2455 1585 2481 appro-

271 2484 411 2517 priabant
431 2484 461 2518 Ιι,
483 2492 565 2511 corr.
587 2491 634 2511 ex.
657 2482 861 2518 appropriant
881 2482 910 2516 α’,
932 2491 969 2518 ap
998 2482 1138 2517 ropriant
1158 2482 1262 2509 ceteri.
1339 2481 1376 2509 13.
1399 2482 1584 2509 adiurantes

269 2518 382 2550 ceteri‚·
403 2519 441 2546 ib.
463 2527 515 2545 eos
536 2527 597 2554 ger.
619 2526 649 2545 α.
723 2526 765 2552 14.
787 2522 928 2553 pastores
948 2525 967 2544 α
990 2518 1045 2552 gi;
1071 2518 1110 2544 ib.
1132 2521 1220 2544 antea
1239 2516 1314 2548 ahc,·
1339 2517 1376 2544 ih.
1398 2521 1585 2544 curaverunt

270 2553 382 2585 ceteri,·
402 2553 439 2581 ib.
458 2553 517 2588 ipsi
539 2554 581 2580 al.
596 2561 633 2580 m.
650 2553 678 2579 Ιι.
753 2561 792 2587 17.
814 2557 859 2579 est
874 2560 931 2579 om.
947 2553 976 2579 Ιι.
1051 2561 1089 2585 17,
1107 2552 1146 2579 18.
1163 2551 1351 2578 sufliciencia
1367 2552 1538 2578 necessaria
1553 2551 1583 2577 l1.

271 2589 310 2616 18.
333 2589 378 2615 sui
402 2588 508 2622 prelati
530 2588 608 2623 priv.
630 2595 694 2615 cur.
715 2587 798 2621 ahgi,
822 2587 896 2622 prel.
913 2588 957 2614 vel
975 2587 1052 2621 priv.
1067 2587 1113 2623 gi.
1135 2587 1179 2613 vel
1195 2586 1236 2612 al.
1252 2594 1290 2612 m.
1305 2594 1335 2612 α.
1411 2587 1450 2616 ιδ,
1468 2594 1509 2620 19-
1525 2586 1582 2612 fac.

270 2623 414 2650 ecclesias
435 2631 464 2652 α,
543 2630 585 2657 ¹9-
607 2627 659 2649 aut
679 2622 725 2656 elz,
747 2630 781 2649 ac
801 2622 914 2653 ceteri‚·
933 2622 971 2649 ih.
994 2621 1060 2649 aliis
1081 2620 1260 2648 elemosinis
1279 2620 1308 2653 Ιι,
1330 2628 1411 2647 corr.
1433 2629 1471 2648 ex
1491 2621 1584 2647 eccle-

271 2658 332 2684 sias
352 2658 382 2688 d,
404 2658 548 2685 ecclesias
569 2657 595 2689 b,
617 2657 704 2684 elem.
726 2665 783 2684 om.
805 2656 909 2684 ceteri.
994 2664 1034 2684 ει.
1057 2656 1226 2684 deliberant
1246 2655 1324 2690 adg,
1346 2655 1483 2682 delibant
1503 2655 1582 2690 bcqf,

271 2692 451 2720 deliberavit
471 2692 501 2724 i,·
519 2692 557 2719 ib.
578 2691 719 2719 facienda
737 2690 834 2728 abcef,
855 2691 1027 2718 faciendam
1044 2691 1070 2720 d.
1092 2690 1222 2718 faciendi
1239 2690 1284 2724 gi.
1358 2697 1401 2717 22.
1423 2690 1506 2725 quod
1523 2698 1584 2724 pro

270 2727 363 2762 episc.
384 2726 446 2764 bes,-
465 2727 503 2754 ib.
526 2735 608 2754 mere
625 2734 684 2761 pro
706 2734 742 2754 ne
761 2725 804 2761 bs.
896 2725 938 2753 23.
960 2726 1087 2753 ecclesia
1103 2734 1163 2760 pro
1185 2725 1272 2752 elem.
1294 2723 1341 2759 af,
1370 2725 1457 2751 clem.
1479 2733 1536 2752 om.
1556 2725 1582 2755 b.

270 2763 311 2789 al.
326 2770 364 2788 m.
379 2762 409 2796 d,
431 2762 489 2788 vol.
505 2762 594 2789 elem.
609 2761 688 2797 cegi.
761 2762 804 2790 25.
825 2761 862 2788 ad
879 2760 985 2788 Titum
1007 2769 1031 2789 c.
1054 2761 1090 2787 ad
1107 2765 1146 2787 1¹¹¹·
1161 2769 1186 2787 e.
1260 2767 1308 2794 29.
1324 2767 1436 2794 conseq
1444 2759 1583 2786 ueuciam

234 2830 237 2833 Ι
270 2796 375 2824 ceteri.
465 2795 511 2823 30.
533 2796 629 2823 eciam
650 2795 773 2831 dispon.
795 2795 835 2832 bf,
862 2803 945 2823 corr.
967 2796 997 2823 in
1025 2795 1056 2823 in
1082 2803 1112 2822 α.
1202 2793 1241 2822 31.
1272 2803 1325 2829 per
1352 2802 1383 2821 se
1404 2803 1465 2821 om.
1487 2792 1583 2830 bcdcf,

271 2832 310 2858 al.
332 2840 369 2858 m.
391 2839 421 2862 a,
442 2836 504 2858 not.
526 2840 554 2866 p.
577 2840 600 2858 s.
622 2831 660 2858 sit
679 2831 746 2867 agi.
819 2829 864 2865 32,
884 2829 927 2858 33.
950 2830 1093 2866 symonia
1115 2845 1143 2849 —
1166 2829 1248 2865 quod
1270 2837 1327 2856 om.
1350 2837 1375 2857 c.

343 2913 372 2934 2.
399 2903 410 2934 I
438 2903 518 2934 Cor.
550 2913 599 2945 14,
628 2901 682 2934 26.
779 2903 808 2934 5.
833 2903 860 2934 II
889 2903 967 2934 Cor.
1001 2903 1050 2942 13,
1082 2912 1131 2933 10.
