2002 3359
234 905 271 926 10

237 1185 272 1218 15

237 1769 277 1803 25

241 2063 282 2094 30

283 259 370 287 cAtz
393 250 447 303 v.]
790 261 847 293 DE
876 256 1079 293 stMon.

283 369 482 406 hereticos
505 369 604 405 tales
637 369 839 416 aufugere,
874 368 1138 405 instrumenta
1168 380 1237 404 sua
1263 368 1481 416 prudenter
1505 368 1594 402 sub-

284 428 442 464 trahere
482 435 519 463 et
558 426 845 464 tribulaciones
885 439 931 464 ac
971 425 1190 474 obprobria
1223 438 1296 474 pro
1330 426 1415 473 lege
1448 424 1594 460 Christi

285 485 555 534 equanimiter
586 486 788 523 tollerare.
842 487 945 522 Nam
985 484 1219 533 implicatus
1265 496 1355 520 cum
1396 482 1474 519 illis
1512 492 1593 518 tam

285 556 365 594 quo
397 545 447 581 ad
480 543 713 580 intelecturn
738 556 859 592 quam
891 542 1079 580 affectum
1109 541 1338 579 necessario
1370 542 1595 586 seducetur,

286 615 377 639 cum
416 603 608 639 seducent
647 601 789 649 eciam,
835 601 866 637 si
905 610 1037 649 potest
1083 600 1181 647 fieri,
1222 601 1383 647 electos,
1431 608 1474 636 ut
1513 607 1594 635 tarn

288 672 432 709 magna
456 659 602 697 cecitas
634 659 798 696 inducta
831 667 889 696 est
911 658 952 695 in
974 658 1186 696 ecclesiam
1220 671 1291 707 per
1314 656 1596 695 antichristum

287 728 324 756 et
361 731 455 756 suos
494 717 712 766 complices
753 720 801 755 de
840 726 1096 754 sacramento
1141 717 1293 764 altaris,
1334 717 1443 765 quod
1483 714 1598 752 multi

288 779 456 815 credunt
498 777 648 814 nedum
692 775 791 812 illud
835 784 1134 813 sacramentum
1180 786 1264 811 esse
1297 773 1484 811 accidens
1516 773 1599 810 sine

288 835 481 883 subiecto,
526 834 595 872 sed
632 833 862 883 ydemptice
900 835 1019 870 deum
1058 846 1197 881 suum;
1243 841 1280 870 et
1319 832 1422 869 inter
1460 843 1599 869 omnes

290 895 476 932 cecitates
499 906 576 943 que
598 906 794 942 umquam
818 892 1013 941 permisse
1045 899 1137 929 sunt
1169 905 1192 929 a
1215 892 1291 928 deo
1324 890 1364 928 in
1387 891 1598 927 ecclesiam

289 952 493 1000 cecidisse,
540 951 668 999 magis
714 950 910 988 mirabilis
949 959 1019 999 est,
1068 951 1177 999 quod
1219 951 1368 987 nedum
1413 949 1599 998 populus,

288 1013 357 1049 sed
402 1010 534 1048 vocati
584 1009 713 1047 sancti
765 1009 996 1047 subtiliores
1041 1010 1228 1046 doctores
1282 1009 1449 1045 credunt
1495 1008 1602 1057 quod

289 1070 504 1119 quantitas,
553 1067 739 1117 qualitas,
789 1067 1085 1116 ponderositas,
1137 1067 1198 1104 vel
1241 1066 1455 1103 fasciculus
1500 1065 1603 1103 acci-

290 1128 477 1166 dencium
523 1127 574 1164 sit
619 1126 704 1164 sine
748 1128 951 1164 substrata
995 1124 1229 1163 substancia
1274 1125 1372 1161 illud
1416 1123 1603 1161 sensibile

289 1195 602 1233 sacramentum,
661 1197 735 1222 nec
793 1184 1010 1230 Avicenna‚
1062 1184 1236 1231 Algazel,
1297 1181 1389 1219 Hali
1449 1191 1485 1219 et
1537 1182 1603 1219 alii

291 1244 523 1294 philosophi
573 1253 665 1281 sunt
706 1252 862 1280 tanturn
907 1242 1064 1291 decepti
1106 1240 1297 1278 versuciis
1339 1240 1604 1281 Machometi;

292 1317 337 1341 ac
377 1303 409 1341 si
449 1301 710 1340 antichristus
751 1301 807 1338 sic
847 1309 1051 1349 argueret:
1096 1300 1151 1337 ‘Si
1190 1312 1354 1348 possum
1388 1298 1604 1348 precipuos

291 1362 556 1412 philosophos
573 1359 825 1397 Christianos
847 1361 897 1396 ad
912 1368 1071 1396 tanturn
1087 1359 1292 1401 seducere,
1312 1358 1422 1407 quod
1438 1359 1604 1394 credant

293 1421 459 1458 modum
493 1419 550 1456 rei
589 1419 650 1456 vel
682 1417 869 1456 accidens
908 1417 992 1455 sine
1031 1415 1264 1454 substancia
1308 1429 1379 1464 per
1412 1428 1452 1452 se
1485 1425 1604 1460 stare,

292 1492 383 1517 cum
424 1479 499 1515 hoc
537 1477 588 1514 sit
625 1489 784 1514 summe
827 1475 1063 1524 inpossibile
1108 1484 1145 1511 et
1191 1473 1484 1522 inintelligibile
1529 1473 1603 1510 nisi

292 1537 331 1574 in
364 1535 527 1583 cortice,
561 1535 809 1573 contrarium
833 1534 1043 1584 scripture,
1077 1532 1225 1571 sanctis
1248 1532 1496 1582 doctoribus,
1530 1531 1605 1580 legi

292 1594 472 1642 ecclesie,
496 1593 650 1632 racioni
672 1592 862 1641 naturali,
886 1601 924 1630 et
946 1591 1100 1640 sensui;
1123 1591 1169 1640 si,
1193 1590 1323 1639 inquit
1346 1590 1543 1636 diabolus,
1567 1590 1607 1626 in

293 1653 531 1691 antichristo
569 1664 735 1701 possum
768 1651 899 1688 facere
938 1662 1005 1688 eos
1029 1651 1106 1687 hoc
1139 1650 1315 1695 credere,
1360 1649 1507 1686 faciam
1541 1661 1607 1685 eos

293 1713 455 1749 credere
470 1712 518 1748 de
532 1719 731 1760 potestate
747 1722 851 1759 pape
874 1718 911 1746 et
929 1708 1012 1746 elus
1033 1707 1222 1757 operibus
1237 1707 1429 1757 quicquid
1443 1708 1608 1745 voluero

294 1770 612 1819 consequenter'.
636 1770 685 1805 Et
708 1767 798 1805 dico
822 1769 898 1805 hoc
921 1779 1005 1805 esse
1027 1765 1332 1815 inintelligibile,
1353 1765 1445 1815 quia
1469 1778 1609 1802 omnes

294 1827 526 1879 philosophi
559 1826 677 1865 huius
711 1836 817 1864 secte
847 1825 1036 1874 ignorant
1056 1837 1174 1863 voces
1196 1824 1384 1874 proprias
1406 1824 1609 1873 loquendo

295 1889 343 1925 de
376 1887 584 1925 accidente
614 1887 676 1924 vel
707 1897 852 1923 novem
887 1884 970 1922 eius
1003 1883 1216 1933 generibus
1247 1882 1355 1920 varie
1389 1882 1607 1931 explicatis,

296 1947 351 1984 ita
396 1946 504 1996 quod
548 1945 652 1982 sicut
689 1945 863 1982 adorant
902 1943 1011 1992 quod
1054 1941 1253 1988 nesciunt,
1297 1940 1354 1978 sic
1399 1940 1609 1990 predicant

298 2005 407 2054 quod
445 2016 527 2041 non
564 2002 813 2051 intelligunt3
858 2002 965 2038 unde
1004 2000 1328 2038 verecundantur
1374 1999 1415 2036 in
1459 1999 1609 2048 populo

298 2062 544 2100 sentenciam
559 2074 673 2099 suam
689 2062 887 2109 detegere.
908 2060 987 2097 Sed
1003 2058 1197 2096 instinctu
1212 2057 1276 2095 dei
1290 2057 1464 2107 populus
1480 2056 1611 2106 querit

298 2120 453 2159 solicite
497 2120 594 2171 quid
639 2129 696 2158 est
743 2126 1042 2157 sacramentum
1087 2116 1239 2165 altaris,
1295 2129 1386 2153 cum
1435 2128 1518 2153 non
1562 2114 1611 2152 sit

298 2179 527 2229 ydemptice
556 2191 704 2228 corpus
728 2177 898 2225 Christi;
933 2185 970 2214 et
991 2188 1065 2214 nec
1086 2175 1261 2225 populus
1283 2187 1356 2212 nec
1380 2175 1612 2223 pedagogus

299 2238 486 2287 intelligit
530 2239 640 2288 quod
686 2237 786 2274 illud
829 2235 879 2273 sit
917 2234 1103 2273 accidens
1135 2233 1220 2271 sine
1263 2232 1457 2270 subiecto.
1508 2234 1611 2269 Nan]

299 2298 520 2336 secundum
553 2296 818 2347 philosophos
863 2303 901 2332 et
945 2302 1107 2331 sanctos
1152 2291 1338 2330 accidens
1371 2299 1430 2329 est
1469 2290 1612 2328 modus

371 2433 392 2452 1.
414 2424 464 2451 tal.
488 2423 550 2450 her.
571 2429 665 2456 aceg:
695 2420 733 2448 ib.
751 2426 812 2455 pro
833 2419 995 2446 insti-uma
1017 2416 1192 2445 ministeria
1212 2416 1300 2455 bees}
1319 2414 1458 2443 misteria
1478 2421 1561 2456 corr.
1583 2414 1613 2440 in

301 2459 473 2486 ministeria
493 2465 522 2491 a,
549 2456 687 2485 misteria
707 2463 792 2483 corr.
813 2454 844 2482 in
866 2453 1074 2481 instrumenta
1095 2452 1123 2483 d,
1149 2451 1288 2479 misteria
1308 2451 1353 2486 gi.
1496 2457 1522 2477 3.
1544 2456 1614 2476 cum

301 2495 370 2521 istis
389 2501 444 2529 ag.
557 2500 587 2526 4.
608 2500 659 2527 qu.
681 2491 717 2518 ad
740 2489 789 2517 als⁴
811 2489 830 2516 ι’.
944 2488 968 2517 5.
990 2492 1019 2515 et
1039 2487 1062 2515 si
1086 2487 1149 2514 lieri
1171 2491 1235 2522 pot.
1258 2486 1374 2523 celcriy·
1393 2484 1431 2512 ib.
1453 2488 1479 2510 ct
1500 2484 1615 2522 clectos

301 2530 405 2556 ceteri.
486 2535 526 2555 10.
549 2526 702 2560 promisse
722 2525 742 2552 i.
823 2531 862 2551 12.
883 2523 981 2550 sancti
1003 2527 1030 2550 et
1052 2522 1132 2549 subt.
1154 2521 1236 2549 doct.
1258 2521 1384 2547 ecclesie
1404 2519 1487 2546 cred.
1509 2521 1614 2546 Celer!-

302 2564 340 2591 15.
362 2571 416 2592 nec
435 2563 524 2591 Avic.
545 2562 610 2595 belz,
637 2568 719 2589 corr.
740 2567 777 2587 ex
797 2564 828 2586 ut
849 2558 877 2591 d,
899 2562 931 2585 ut
950 2557 1063 2591 ceteri,·
1081 2565 1136 2584 nec
1154 2560 1228 2584 ante
1246 2556 1316 2589 Alg.
1336 2563 1366 2594 a:
1387 2555 1427 2581 al.
1448 2561 1485 2580 m.
1506 2553 1536 2588 d,
1555 2561 1614 2591 οηι.

301 2599 406 2626 celeri.
521 2599 562 2625 16.
584 2601 704 2624 tantum
725 2595 774 2625 dlt,
796 2601 854 2620 om.
875 2593 981 2620 ceteri.
1095 2599 1140 2619 20.
1163 2596 1191 2618 et
1209 2598 1268 2618 om.
1290 2590 1396 2628 edessa,
1415 2589 1456 2628 le.
1476 2597 1512 2615 m.
1533 2595 1564 2622 a,
1585 2596 1614 2615 ιιι

302 2641 360 2661 om.
375 2633 405 2665 d,
424 2633 464 2660 al.
480 2641 518 2660 m.
533 2639 563 2659 a.
637 2639 676 2658 21.
697 2631 784 2658 incor
796 2632 894 2656 worate
908 2628 1012 2656 ceteri.
1033 2635 1117 2655 corr.
1132 2627 1162 2654 in
1177 2626 1206 2653 in
1222 2630 1335 2652 COl⁴tlce
1348 2625 1385 2656 d,·
1407 2624 1446 2650 ιβ.
1467 2623 1564 2661 leg-eni
1585 2622 1614 2649 h.

302 2667 345 2696 23.
366 2676 423 2696 eos
440 2668 498 2695 hoc
518 2666 581 2698 cell,
610 2674 662 2693 cos
682 2665 702 2693 f.
723 2665 752 2692 h.
788 2686 798 2698 ,
825 2663 883 2691 hoc
903 2671 956 2691 eos
976 2662 1088 2696 celeri)-
1113 2662 1172 2689 hoc
1191 2661 1232 2688 αἱ,
1253 2667 1290 2687 m.
1312 2667 1342 2690 α,
1363 2666 1424 2698 om..
1441 2666 1475 2694 g,
1502 2660 1613 2685 taciani

303 2703 361 2730 hoc
381 2711 433 2730 eos
454 2710 496 2730 cr.
516 2701 545 2728 d.
623 2700 664 2729 25.
686 2700 716 2728 in
737 2707 794 2727 om.
815 2707 850 2736 g,
870 2698 912 2726 al.
933 2706 971 2725 m.
992 2705 1022 2725 ιτ.
1095 2704 1141 2732 27.
1162 2695 1226 2723 cius
1247 2703 1304 2722 om.
1327 2696 1441 2727 «κίεν-ι,-
1465 2692 1506 2720 al.
1527 2700 1564 2719 m.
1586 2692 1615 2719 α’.

302 2737 346 2766 33.
367 2737 448 2765 Nam
469 2737 554 2764 iuxta
573 2735 678 2763 ceteri.

375 2809 405 2841 5.
443 2806 562 2840 Matth.
590 2816 643 2848 24,
671 2817 724 2848 24.
854 2806 904 2837 15.
941 2805 1131 2842 Avieenna,
1170 2801 1313 2834 nomine
1349 2799 1499 2832 Arabico
1538 2798 1616 2830 Abu

304 2857 357 2888 Ali
393 2861 456 2888 etc.
489 2854 551 2887 lbn
582 2853 675 2894 Sina,
706 2859 807 2884 natus
839 2862 868 2884 a.
894 2851 972 2894 980.
1005 2849 1147 2891 Algazel
1180 2847 1287 2887 (Aibu
1313 2847 1439 2879 Hamid
1467 2852 1530 2877 etc.
1557 2845 1616 2876 Al-

306 2901 498 2943 Ghazzali),
525 2908 625 2933 natus
651 2906 703 2931 est
727 2909 756 2930 a.
779 2897 875 2934 1050.

1630 601 1772 629 Hcrcsies
1793 609 1825 627 as
1846 605 1876 627 to

1625 638 1675 664 the
1695 637 1877 665 Sacrament

1647 672 1682 699 of
1699 672 1747 699 the
1767 671 1852 698 altar.
