2002 3359
251 1694 279 1721 A
301 1701 383 1721 man.

179 1729 343 1755 otherwise
366 1729 395 1755 lit
417 1727 442 1754 is

199 1763 322 1791 nnfitted
345 1763 369 1790 if
387 1763 421 1789 lie

181 1799 298 1825 thrnsts
321 1797 446 1824 himself

221 1834 284 1860 into
304 1833 401 1860 office.

898 301 1120 331 ,IOHANNIS
1147 301 1331 331 vrrerir
1603 288 1697 341 [mv
1732 299 1765 325 n.

458 408 575 441 homo
610 415 741 454 posset
777 406 917 441 mereri
959 408 1212 452 procurando
1246 408 1351 453 quod
1387 416 1646 454 presentetur.
1694 407 1765 442 Hic

455 473 563 512 patet
596 465 702 512 quod
736 464 877 499 falsum
912 473 948 498 et
972 463 1215 499 contrarium
1240 464 1478 511 supradictis
1502 465 1765 510 concluditur,

457 535 545 558 cum
591 531 667 558 stat
713 520 914 556 hominem
961 521 1066 557 licite
1100 533 1215 568 prece
1254 522 1314 557 vel
1359 521 1492 569 precio
1525 522 1643 558 amici
1676 535 1764 558 cum

456 593 525 616 sua
558 578 788 626 ignorat-reia
821 579 1060 626 promoveri,
1106 591 1194 615 cum
1235 579 1348 615 aliter
1391 592 1509 615 nemo
1542 579 1768 615 flecteretur

457 637 636 685 accipere
669 636 978 673 ecclesiasticam
1013 636 1267 685 dignitatem,
1306 646 1399 673 tunc
1432 637 1537 673 enim
1571 637 1799 685 acciperet3

457 707 572 743 prece
605 696 664 731 vel
696 694 830 742 precio
854 696 1001 730 donum
1027 694 1245 743 spirituale,
1280 696 1353 731 hoc
1376 704 1511 731 tamen
1534 704 1591 731 est
1613 694 1765 731 licitum

459 752 664 789 habilitate
713 752 933 800 supposita,
986 765 1075 788 cum
1129 753 1242 789 aliter
1293 753 1461 801 apostoli
1510 752 1768 801 suscipientes

458 811 725 859 apostolatum
771 811 820 847 ad
868 811 1101 847 mandatum
1146 810 1297 847 domini
1341 820 1384 847 ut
1435 811 1490 847 sic
1541 810 1768 858 symoniace

458 878 698 917 peccassent.
753 864 829 905 Sed
868 868 908 904 in
947 868 1022 905 isto
1067 870 1297 917 purgandus
1342 878 1398 905 est
1442 868 1644 917 utrimque
1686 878 1765 905 tam

456 927 678 963 intellectus
723 939 843 975 quarn
890 926 1072 963 affectus:
1118 935 1277 975 oportet
1321 926 1825 964 omninointellectum1o

459 985 666 1021 informari
712 986 817 1021 dono
851 984 925 1030 dei,
972 993 1014 1020 ut
1046 985 1375 1033 superintendens
1413 984 1512 1021 sciat
1549 985 1766 1021 secundum

458 1044 583 1091 legem
630 1043 825 1091 scripture
869 1055 939 1090 per
973 1043 1119 1079 Christi
1166 1055 1313 1091 pascua
1357 1044 1500 1079 ducere
1533 1054 1625 1079 oves
1657 1055 1767 1087 sua53

459 1110 616 1149 oportet
634 1101 808 1138 secundo
827 1101 933 1149 quod
957 1110 1170 1137 evacuetur
1187 1113 1305 1137 omne
1328 1110 1537 1148 peccatum
1561 1101 1768 1137 retardans

460 1161 508 1196 ab
542 1159 615 1195 isto
648 1159 781 1196 officio
815 1167 851 1194 et
883 1158 1109 1206 specialiter
1153 1159 1289 1205 fastus,
1331 1158 1502 1195 avaricia
1536 1168 1572 1194 et
1604 1166 1769 1206 peccata

460 1217 646 1253 carnalia.
684 1219 732 1253 Et
754 1225 913 1265 oportet
944 1216 1067 1253 tercio
1091 1218 1197 1265 quod
1222 1217 1315 1253 assit
1347 1217 1550 1253 fructuosa
1572 1217 1768 1262 voluntas,
1791 1221 1825 1253 15

460 1288 535 1323 que
569 1275 782 1312 efficaciter
816 1283 853 1311 et
884 1274 1058 1311 virtuose
1098 1274 1292 1311 curatoris
1325 1274 1503 1311 officium
1537 1283 1767 1322 exequatur,

460 1334 526 1369 sed
550 1333 637 1381 quis
661 1342 718 1369 est
750 1332 813 1369 hic
836 1341 874 1369 et
896 1332 1150 1369 laudabimus
1183 1345 1287 1369 eum.
1323 1332 1444 1369 Racio
1478 1341 1611 1369 autem
1646 1344 1768 1380 quare

462 1393 581 1427 homo
613 1404 693 1427 non
726 1392 841 1427 debet
872 1390 913 1426 in
945 1390 1111 1438 propria
1144 1403 1314 1439 persona
1336 1402 1551 1438 procurare
1574 1390 1647 1426 sibi
1671 1390 1767 1426 illud

463 1449 640 1485 officium
665 1457 743 1486 stat
766 1448 806 1485 in
828 1448 923 1485 isto:
947 1448 1043 1484 illud
1067 1448 1244 1485 officium
1268 1457 1325 1485 est
1348 1448 1548 1485 infinitum
1573 1447 1770 1496 periculo-

460 1507 540 1543 sius
562 1507 693 1543 anime
711 1519 832 1555 quam
857 1506 1020 1554 aliquod
1039 1506 1145 1543 aliud
1165 1507 1386 1554 periculum
1406 1507 1613 1555 corporale
1632 1515 1668 1543 et
1686 1505 1768 1542 sine
1785 1520 1828 1542 20

462 1565 530 1602 tali
564 1578 682 1602 onere
715 1573 849 1613 posset
883 1564 1008 1612 magis
1041 1564 1234 1612 proficere
1267 1564 1392 1601 eciam
1417 1564 1602 1600 omnibus
1626 1564 1768 1612 quibus

462 1632 604 1671 preest.
641 1624 732 1659 Ideo
755 1622 995 1659 invincibilis
1017 1622 1270 1671 presumpcio
1295 1631 1352 1658 est
1375 1623 1483 1671 quod
1516 1623 1769 1670 procurando

461 1681 534 1717 sibi
558 1681 655 1717 illud
671 1681 848 1717 officium
865 1681 1045 1728 ydolatra
1061 1680 1281 1728 percutitur
1295 1680 1488 1728 symonia.
1506 1681 1619 1717 Unde
1634 1692 1770 1716 secun-

463 1740 555 1774 dum
587 1740 691 1787 leges
715 1740 835 1774 horno
858 1738 926 1786 qui
949 1739 1049 1774 foret
1072 1738 1231 1775 aliunde
1255 1737 1396 1774 habilis
1420 1739 1468 1774 ad
1492 1739 1708 1786 regendum
1732 1737 1771 1773 in

464 1805 657 1845 quantum
692 1796 746 1833 sic
779 1804 969 1844 procurat
992 1796 1089 1832 illud
1113 1796 1289 1832 officium
1314 1795 1541 1832 inhabilitat
1563 1808 1602 1832 se
1626 1795 1770 1844 ipsum.
1788 1799 1826 1830 23

465 1857 511 1891 Et
544 1855 619 1891 ista
650 1854 805 1891 videtur
836 1853 1038 1890 sentencia
1071 1853 1251 1902 Gregorii
1290 1853 1419 1902 posita
1460 1867 1469 1889 1
1501 1853 1708 1902 questione
1733 1854 1770 1899 6,

463 1925 550 1961 cap.
585 1913 711 1948 Sicut:
743 1912 867 1948 ‘Sicut
890 1911 921 1948 is
945 1911 1012 1960 qui
1035 1911 1223 1948 invitatus
1247 1911 1389 1958 renuit,
1415 1911 1592 1959 quesitus
1615 1910 1771 1958 refugit,

463 1970 584 2007 sacris
623 1970 814 2007 altaribus
860 1979 917 2006 est
962 1971 1248 2015 admovendus,
1293 1969 1347 2005 sic
1388 1969 1455 2017 qui
1499 1970 1605 2005 ultro
1649 1968 1773 2005 ambit

463 2029 521 2065 vel
545 2029 819 2076 importunum
842 2040 882 2064 se
905 2027 1061 2076 ingerit,
1096 2036 1152 2064 est
1185 2028 1324 2075 procul
1356 2027 1476 2063 dubio
1509 2027 1770 2075 repellendus.

464 2089 563 2123 Nam
599 2087 665 2134 qui
698 2086 753 2122 sic
785 2086 926 2122 nititur
957 2087 1007 2122 ad
1040 2085 1189 2122 alciora
1222 2085 1501 2129 conscendere,
1535 2085 1630 2133 quid
1665 2084 1770 2121 aliud
1791 2087 1832 2118 30

465 2144 558 2192 agit,
592 2144 665 2180 nisi
699 2153 741 2180 ut
774 2145 987 2180 crescendo
1010 2144 1224 2190 decrescat,
1257 2152 1294 2179 et
1318 2143 1568 2180 ascendendo
1591 2142 1772 2188 exterius,

464 2202 628 2239 interius
652 2202 691 2238 in
724 2203 922 2250 profundo
955 2201 1193 2238 descendat?
1227 2203 1377 2249 Itaque,
1410 2201 1531 2237 frater
1557 2200 1773 2246 carissime,

466 2260 503 2295 in
537 2260 810 2297 sacerdotibus
843 2259 1075 2296 ordinandis
1107 2259 1313 2295 sinceritas
1346 2259 1494 2307 vigeat,
1528 2258 1577 2295 sit
1609 2258 1773 2306 simplex

536 2404 554 2424 ι.
577 2395 643 2422 Hoc
663 2395 767 2422 ceteri.
822 2395 907 2428 4—6.
929 2402 998 2422 cum
1020 2410 1051 2415 ——
1074 2395 1175 2430 precio
1196 2394 1226 2421 in
1242 2401 1342 2430 marg.
1357 2394 1398 2421 al.
1412 2401 1451 2420 m.
1471 2393 1499 2420 Ιι.
1555 2400 1582 2428 7.
1604 2392 1775 2419 hnmilitate

467 2430 685 2465 presnpposita
705 2430 724 2457 i.
787 2437 815 2464 ς).
838 2434 1016 2464 peccassent
1037 2430 1103 2461 dett,
1125 2429 1334 2464 peccavissent
1354 2427 1665 2466 celeri;·purgandns
1685 2426 1778 2466 edelr,-

466 2466 503 2492 J'b.
525 2470 570 2492 est
591 2473 677 2492 error
698 2469 825 2499 uterque
845 2472 880 2497 ε,-
901 2468 1002 2491 utrum
1031 2473 1066 2491 ne
1086 2464 1187 2491 celeri.
1261 2471 1301 2491 ιο.
1344 2471 1379 2489 νο
1400 2470 1544 2489 ommno:
1567 2469 1648 2489 enim
1669 2464 1774 2488 ceterl.

468 2508 500 2526 ιι.
523 2499 650 2526 omnino
671 2499 724 2526 inf.
746 2499 853 2530 cetere}
873 2499 988 2526 donum
1019 2507 1038 2525 1.
1135 2498 1172 2526 15.
1194 2498 1276 2533 qnod
1299 2497 1345 2529 bt.
1367 2501 1398 2524 nt
1420 2497 1524 2524 ceteri.
1622 2495 1661 2523 18.
1683 2496 1776 2522 honio

467 2542 524 2561 om.
547 2534 650 2565 celeri,
679 2534 803 2568 propria
824 2541 882 2560 om.
904 2534 1010 2568 ceteri,
1039 2541 1170 2568 persona
1198 2540 1252 2559 sua
1279 2532 1383 2559 celeri.
1486 2539 1528 2566 19.
1557 2534 1616 2557 stat
1638 2546 1665 2549 —-
1687 2530 1737 2556 oll'.
1759 2530 1776 2556 l1

466 2569 562 2595 solum
576 2568 705 2601 exhibet,
720 2569 782 2595 din
797 2576 891 2603 marg
915 2567 985 2595 add.
1059 2575 1105 2594 20.
1126 2566 1248 2602 aliquod
1270 2575 1327 2594 om.
1349 2565 1452 2593 ceteri.
1525 2573 1563 2592 2¹.
1585 2565 1701 2592 honore
1717 2572 1776 2600 pro

468 2611 559 2630 onere
589 2604 617 2635 i,·
650 2603 687 2630 ib.
720 2607 825 2637 posset
856 2603 902 2635 elz,
933 2606 1033 2638 potest
1062 2602 1174 2633 ceteri;
1205 2601 1242 2628 ih.
1270 2601 1413 2636 perlicere
1439 2600 1468 2631 ι’,·
1497 2600 1534 2626 ih.
1563 2600 1689 2626 ecclesia
1717 2607 1776 2634 pro

467 2638 561 2665 eciam
585 2646 613 2665 a.
686 2644 729 2666 22.
750 2638 780 2665 in
801 2640 883 2665 textu
903 2637 1030 2670 inutilis,
1051 2637 1090 2663 al.
1112 2645 1150 2662 m.
1171 2635 1285 2663 invinc.
1307 2635 1344 2665 ci:
1363 2635 1400 2662 ib.
1418 2642 1480 2670 pro
1500 2634 1601 2669 quod:
1623 2639 1651 2661 et
1671 2634 1775 2661 celeri.

469 2672 510 2699 215.
533 2672 683 2708 ydolatrie
704 2672 732 2698 d.
811 2672 857 2698 26.
881 2672 958 2698 beati
982 2671 1122 2705 Gregorii
1144 2670 1247 2697 ceteri.
1326 2677 1369 2704 27.
1391 2677 1457 2704 cap.
1481 2669 1566 2696 Sicut
1585 2676 1642 2695 om.
1664 2669 1778 2696 ceteri:

468 2708 505 2734 ib.
528 2707 604 2734 sicut
627 2707 674 2734 illc
694 2706 739 2742 ds.
813 2707 857 2733 28.
880 2714 895 2732 a
917 2706 1012 2732 sacris
1032 2705 1067 2737 h‚·
1091 2705 1128 2732 ib.
1150 2704 1375 2731 ammovendns
1395 2703 1525 2740 bcdtj'l1;
1550 2703 1673 2730 admovi
1695 2710 1776 2729 cortu

468 2749 506 2769 ex
526 2749 660 2768 ammov.
681 2748 719 2773 a‚·
738 2741 860 2768 admov.
882 2741 910 2772 z·,·
932 2740 1041 2767 ultimo
1060 2748 1125 2775 ag:
1144 2739 1181 2766 ib.
1204 2739 1283 2766 ultro
1304 2747 1385 2766 corr.
1407 2746 1445 2765 ex
1464 2738 1573 2765 ultimo
1593 2738 1612 2764 i.
1678 2745 1725 2772 21).
1746 2737 1774 2763 in

468 2780 657 2811 oportunum
679 2776 708 2807 i,·
734 2775 779 2802 vel
801 2775 929 2809 ambigit
949 2775 1058 2802 ultimo
1079 2775 1123 2801 vel
1146 2773 1259 2808 inport.
1281 2773 1305 2800 la,
1397 2771 1436 2800 31.
1458 2777 1490 2800 ut
1510 2772 1645 2808 onufg:
1674 2771 1776 2798 decre-

469 2811 525 2837 scit
551 2810 612 2846 dg;
641 2810 795 2837 decrescat
821 2817 904 2837 corr.
931 2817 970 2836 ex
995 2808 1142 2836 decrescit
1169 2816 1207 2839 a;
1232 2808 1270 2835 ib.
1297 2807 1350 2834 int.
1378 2811 1404 2834 et
1432 2811 1479 2834 ext
1518 2807 1534 2833 Ιι
1560 2811 1587 2833 et
1614 2807 1654 2833 al.
1680 2814 1718 2832 m.
1746 2806 1774 2832 ci.

469 2844 512 2872 32.
535 2844 690 2872 descendit
714 2845 742 2871 d.
815 2843 858 2871 33.
882 2844 911 2871 in
932 2846 1014 2871 texltt
1036 2847 1078 2873 nt,
1099 2843 1138 2870 al.
1161 2851 1198 2869 m.
1221 2842 1257 2869 sit
1280 2850 1309 2869 a.

541 2926 593 2946 Υ.
621 2917 722 2957 (lurp.
751 2916 812 2946 iur.
840 2916 861 2954 I,
888 2915 952 2955 4¹25
981 2920 1024 2951 (c.
1054 2916 1083 2953 ⁴3,
1111 2915 1148 2945 C.
1174 2925 1198 2951 1,
1226 2924 1282 2955 qtr
1311 2913 1357 2949 (3).
