2002 3359
614 713 1223 768 ARGUMENTUM.

316 838 528 875 Sentencia
568 847 762 875 tractatus
802 840 850 875 de
883 839 1065 886 symonia
1099 839 1378 887 capitulariter
1412 839 1468 876 sic
1503 841 1571 876 ha-

259 897 383 932 betur.

316 954 545 1002 Capitulum
598 954 773 1003 primum
823 956 1066 992 declarando
1111 965 1190 992 tres
1237 957 1377 993 modos
1423 955 1571 993 heresis

257 1013 431 1049 ostendit
470 1012 565 1061 quid
605 1023 662 1050 est
695 1013 877 1062 symonia
910 1023 946 1050 et
979 1026 1022 1050 ex
1056 1014 1332 1062 descripcione
1366 1014 1571 1051 concludit

225 1070 399 1119 3triplex
423 1071 685 1108 corelarium:
720 1072 895 1120 primum
921 1074 1027 1120 quod
1053 1072 1179 1109 sancti
1205 1082 1356 1109 attente
1379 1073 1571 1121 detegunt

257 1138 299 1165 ut
322 1131 467 1166 debent
491 1130 822 1178 equivocaciones
846 1131 1052 1178 signorum
1077 1132 1127 1166 ad
1151 1132 1437 1167 declarandum
1463 1143 1569 1167 cam-

257 1187 363 1223 bium
399 1187 678 1235 symoniacum
709 1189 955 1231 evitandum,
990 1190 1212 1225 secundum
1237 1191 1343 1237 quod
1368 1189 1485 1237 pauci
1509 1190 1570 1225 vel

255 1246 352 1281 nulli
393 1255 483 1282 sunt
524 1246 668 1294 prelati
701 1248 760 1284 vel
794 1247 928 1283 clerici
963 1246 1029 1295 qui
1063 1260 1142 1283 non
1176 1248 1303 1284 heresi
1338 1247 1569 1295 symoniaca

255 1313 346 1339 sunt
386 1304 583 1352 percussi3
629 1314 665 1341 et
705 1305 875 1342 tercium
917 1306 1024 1353 quod
1064 1304 1139 1341 tria
1181 1314 1340 1342 movent
1380 1317 1491 1352 reges
1532 1314 1569 1342 et

202 1374 238 1394 10
254 1362 453 1399 seculares
493 1363 678 1400 dominos
717 1363 927 1412 diligenter
967 1376 1106 1400 cavere
1139 1376 1187 1400 ne
1220 1364 1295 1400 ista
1329 1363 1457 1400 heresi
1491 1363 1569 1400 sint

253 1419 388 1457 fedati.
437 1423 479 1457 ln
517 1434 596 1469 qua
630 1422 798 1458 materia
832 1431 969 1459 narrat
1004 1422 1226 1458 remedium
1262 1431 1401 1459 contra
1435 1434 1567 1469 symo-

252 1477 389 1514 niacos
430 1488 466 1515 et
505 1479 785 1517 necessitatem
825 1479 989 1517 iuvandi
1033 1480 1244 1517 ecclesiam
1287 1489 1429 1517 contra
1467 1479 1567 1516 illud

251 1545 465 1584 peccatum
514 1537 795 1586 gravissimum
844 1540 893 1575 ad
940 1538 1052 1575 cuius
1097 1538 1395 1575 animacionem
1435 1538 1566 1587 arguit

249 1593 398 1642 triplici
431 1605 683 1643 argumento.

197 1654 232 1686 15
309 1652 540 1701 Capitulum
575 1656 797 1692 secundum
831 1654 955 1691 obicit
989 1654 1120 1703 primo
1153 1664 1295 1691 contra
1318 1654 1564 1703 descripcio-

250 1722 339 1746 nem
376 1713 512 1748 datam
547 1714 595 1749 de
629 1712 811 1761 symonia
843 1725 915 1761 per
947 1714 1023 1750 hoc
1057 1714 1166 1761 quod
1195 1712 1336 1750 iuriste
1359 1722 1395 1750 et
1418 1712 1563 1750 famosi

248 1769 426 1818 theologi
460 1780 617 1819 ponunt
650 1772 787 1817 aliam,
822 1772 1068 1808 declarando
1101 1771 1316 1820 utrobique
1346 1771 1562 1808 conformi-

247 1835 371 1864 tatem
414 1830 615 1866 sentencie
654 1839 692 1867 et
725 1831 904 1867 declarat
937 1829 1171 1866 facilitatem
1207 1839 1243 1866 et
1276 1829 1560 1867 rectitudinem

245 1885 358 1933 loyce
390 1886 447 1923 sic
480 1897 645 1934 mutate,
680 1888 887 1926 declarans
921 1889 1127 1936 quomodo
1161 1887 1359 1936 contingit
1393 1900 1559 1936 regnum

189 1954 230 1975 20
246 1944 423 1981 celorum
456 1945 558 1982 iuste
585 1959 730 1992 emere,
765 1947 972 1995 quomodo
1006 1946 1204 1994 contingit
1239 1946 1444 1983 hominem
1469 1958 1560 1983 ven-

246 2002 339 2038 dere
378 2005 486 2051 quod
524 2017 606 2041 non
646 2005 778 2053 habet⁷
825 2014 862 2042 et
895 2005 1102 2053 quomodo
1136 2004 1268 2041 omnis
1301 2003 1559 2052 symoniacus

244 2068 302 2096 est
342 2061 540 2099 hereticus
580 2072 617 2099 et
657 2071 834 2100 econtra.
882 2064 1069 2100 Secundo
1102 2062 1278 2099 obicitur
1310 2064 1418 2111 quod
1451 2062 1559 2099 dicta

244 2118 468 2168 descripcio
503 2121 689 2158 convenit
723 2122 887 2158 cuilibet
919 2121 1207 2169 temporalium
1243 2120 1474 2167 mercatori,
1521 2129 1558 2157 et

243 2179 460 2224 respondet
505 2179 749 2216 declarando
795 2181 904 2228 quod
947 2179 1131 2216 obiectus
1176 2179 1333 2216 tollitur
1371 2192 1442 2228 per
1480 2180 1556 2215 hoc

185 2235 224 2267 25
242 2237 351 2283 quod
384 2236 567 2285 symonia
600 2247 658 2274 est
690 2237 920 2275 inordinata
953 2237 1118 2282 volici0;
1161 2246 1198 2274 et
1231 2237 1415 2274 concedit
1447 2237 1556 2286 quod

241 2293 408 2341 quilibet
456 2294 601 2332 iniuste
640 2308 777 2333 emens
816 2305 884 2333 aut
921 2297 1110 2343 vendens,
1155 2308 1249 2344 ymo
1288 2295 1420 2333 omnis
1460 2308 1554 2344 pro-

241 2361 403 2389 curator
442 2363 510 2390 aut
548 2355 666 2392 iudex
704 2354 850 2391 iniuste
888 2353 1142 2391 sentencians
1181 2363 1239 2390 est
1280 2353 1551 2402 symoniacus,

240 2421 327 2445 cum
364 2412 436 2448 hec
467 2412 576 2449 labes
609 2412 793 2461 sequitur
825 2414 875 2449 ad
906 2413 1089 2449 mortale.
1125 2412 1310 2449 Obicitur
1332 2411 1457 2449 tercio
1481 2423 1553 2460 per

238 2467 315 2504 hoc
347 2470 456 2517 quod
487 2470 646 2507 videtur
677 2470 949 2507 necessarium
982 2483 1145 2507 ornnem
1180 2471 1432 2507 sacerdotem
1468 2481 1551 2506 esse

180 2526 223 2558 30
237 2526 530 2574 symoniacum,
564 2538 601 2565 et
633 2528 739 2566 tollit
771 2541 841 2577 per
866 2530 940 2565 hoc
963 2529 1072 2577 quod
1096 2528 1341 2577 accipientes
1365 2527 1551 2564 ordinate

304 2693 323 2713 1.
345 2685 521 2721 capcialiter
541 2693 622 2713 corr.
643 2686 673 2713 in
693 2686 786 2721 capit.
808 2695 832 2721 e,
853 2686 1029 2722 capcialiter
1048 2684 1105 2722 bcf.
1180 2685 1207 2713 8.
1230 2685 1291 2712 sint
1310 2685 1354 2712 be.
1387 2720 1392 2723 .
1433 2688 1545 2723 {utam

229 2727 290 2754 pro
310 2720 368 2747 tria
387 2719 431 2755 ej}
449 2721 488 2748 ib.
509 2725 673 2748 moverunt
692 2721 718 2756 h,
746 2726 906 2749 moverent
926 2721 965 2755 ei,
993 2719 1173 2757 moveretf.
1283 2728 1317 2748 11.
1339 2719 1471 2758 deicdati
1493 2727 1548 2755 ag.

235 2762 273 2789 17.
295 2759 323 2782 et
343 2755 417 2782 decl.
439 2755 477 2782 ei.
551 2762 597 2783 20.
619 2756 697 2782 iuste
713 2763 794 2783 corr.
810 2764 848 2784 ex
861 2756 975 2784 iniuste
986 2764 1016 2790 a,
1037 2756 1149 2783 iniuste
1170 2763 1204 2788 e;
1223 2755 1264 2782 ib*
1285 2753 1437 2789 contingit
1451 2754 1493 2781 al.
1509 2762 1548 2787 m,

232 2789 262 2816 in
284 2793 366 2817 textu
386 2790 531 2818 convenit
551 2798 580 2824 a,
602 2798 690 2817 conv.
711 2791 752 2817 al.
774 2798 810 2819 m.
832 2792 862 2825 9⁶
882 2791 911 2818 in
933 2799 949 2818 e
968 2795 1051 2818 textu
1072 2790 1207 2825 conting.
1229 2797 1262 2824 g,
1284 2792 1313 2824 φῖ
1342 2797 1366 2815 e.

1366 2834 1409 2866 8³7(-
