2002 3359
202 278 274 312 118

967 292 991 321 A
1000 291 1306 323 RGUMENTUM.

484 398 725 433 declarando
750 396 951 443 symonias
977 397 1217 445 multiplices
1241 399 1488 445 prelatorum
1516 409 1551 435 et
1568 402 1788 448 detegendo

483 454 681 491 versucias
730 454 1036 490 excusacionum
1088 456 1262 492 ostendit
1310 469 1351 493 ex
1400 457 1514 493 dictis
1559 468 1787 495 sanctorum

482 514 686 561 quomodo
725 522 917 548 oneratur
956 512 1123 549 ecclesia
1158 523 1194 550 et
1228 516 1432 562 quomodo
1465 528 1536 563 per
1569 518 1673 552 dona
1707 525 1787 552 tam

482 579 574 607 ante
608 583 727 618 quam
764 580 854 618 post
888 570 1059 607 exhibita
1094 572 1362 608 committitur
1395 573 1589 621 symonia.

540 628 769 676 Capitulum
788 628 1002 676 septimum
1021 630 1198 666 declarat
1215 632 1422 678 quomodo
1447 631 1620 679 religiosi
1637 634 1822 679 posses-5

480 685 625 722 sionati
658 694 749 722 sunt
783 687 970 735 utrinque
1000 688 1221 735 symoniaci
1251 688 1290 724 in
1322 688 1500 736 ingressu
1525 698 1561 725 et
1585 691 1790 737 quomodo

480 744 520 780 in
562 743 770 792 empcione
808 745 1085 782 corrodiorum
1126 746 1348 782 comittitur
1386 747 1587 794 symonia:
1627 755 1664 783 et
1703 756 1791 795 post

481 801 564 838 eius
605 802 925 840 declaracionem
966 803 1229 852 multiplicem
1264 804 1366 841 tollit
1399 815 1476 841 tres
1510 805 1790 842 excusaciones

479 860 732 908 sophisticas,
780 861 1022 898 excuciendo
1054 874 1250 898 venenum
1285 863 1632 911 appropriacionis
1667 865 1790 900 eccle-

480 917 630 954 siarum
684 919 1000 966 parrochialium
1056 920 1257 956 convincit
1311 921 1439 968 ipsum
1495 921 1707 968 tripliciter
1754 931 1790 958 et
1812 935 1849 954 10

480 976 603 1012 obicit
635 976 849 1024 tripliciter
881 990 925 1013 ac
959 978 1152 1024 dissolvit,
1188 979 1396 1015 declarans
1427 979 1558 1026 primo
1585 981 1791 1027 quomodo

481 1033 540 1070 ius
574 1044 812 1082 patronatus
837 1035 1096 1083 sophisticum
1125 1045 1180 1072 est
1204 1038 1421 1072 secundum
1448 1046 1620 1085 quatuor
1644 1039 1790 1084 gradus

482 1101 518 1128 et
551 1102 686 1129 narrat
719 1093 860 1140 triplex
896 1094 1131 1139 remedium,
1166 1095 1341 1130 secundo
1376 1095 1551 1131 declarat
1585 1097 1790 1142 quomodo

481 1149 564 1186 sine
597 1150 665 1187 tali
700 1151 958 1187 ecclesiarum
990 1151 1325 1200 appropriacione
1357 1161 1508 1188 starent
1542 1153 1719 1200 collegia,
1755 1162 1791 1189 et

480 1207 604 1244 tercio
661 1210 865 1257 quomodo
921 1222 993 1257 pro
1038 1210 1224 1246 omnibus
1270 1210 1384 1246 bonis
1430 1210 1567 1246 mundi
1613 1224 1692 1247 non
1736 1211 1847 1247 siem

482 1266 661 1303 foverent
693 1266 880 1304 discolos,

542 1324 774 1372 Capitulum
798 1335 983 1362 octavum
1010 1326 1185 1362 declarat
1209 1325 1340 1373 primo
1357 1326 1624 1362 extensionem
1644 1326 1791 1363 heresis

483 1390 564 1418 tam
597 1395 718 1430 opere
750 1396 871 1432 quam
906 1396 1116 1419 consensu.
1152 1385 1336 1420 Secundo
1371 1385 1548 1420 declarat
1581 1384 1791 1432 tripliciter

482 1442 688 1488 quomodo
730 1454 835 1489 papa
875 1454 964 1477 cum
1006 1441 1093 1477 aliis
1133 1441 1346 1490 prepositis
1386 1442 1563 1478 inficitur
1594 1443 1790 1490 symonia,

482 1497 607 1534 tercio
640 1499 866 1535 ostenditur
899 1501 1104 1547 quomodo
1138 1508 1173 1535 et
1207 1513 1227 1536 a
1258 1500 1401 1548 quibus
1425 1501 1536 1548 lepra
1560 1501 1850 1549 symoniacam>

482 1555 710 1592 decernitur
751 1566 787 1593 et
827 1559 1032 1605 quomodo
1073 1557 1326 1604 symoniacus
1366 1567 1454 1606 post
1487 1558 1790 1607 correpcionem

482 1613 677 1662 triplicem
725 1615 896 1663 fugietur
938 1624 974 1651 et
1015 1614 1227 1651 obiciendo
1260 1615 1487 1664 specialiter
1519 1617 1565 1652 de
1600 1617 1792 1653 claustra-

482 1671 583 1708 libus
635 1672 776 1709 recitat
821 1683 994 1721 quatuor
1039 1673 1205 1709 ficticias
1253 1683 1289 1710 et
1335 1673 1528 1713 dissolvit,
1580 1674 1793 1710 obiciendo

482 1729 791 1778 quintupliciter
842 1740 982 1767 contra
1034 1740 1218 1779 quartam
1264 1743 1340 1780 que
1385 1731 1547 1768 simulat
1591 1732 1789 1768 iusticiam

482 1787 866 1835 app1·opriacionum
913 1789 1171 1826 ecclesiarum
1220 1789 1511 1835 claustralibus,
1567 1798 1603 1825 et
1651 1790 1792 1826 ultimo
1811 1791 1847 1822 25

485 1845 658 1882 obicitur
690 1859 758 1893 per
792 1847 866 1882 hoc
900 1848 1006 1895 quod
1041 1847 1147 1883 iuxta
1182 1848 1284 1883 hanc
1307 1847 1411 1883 viam
1437 1847 1652 1884 deficerent
1677 1847 1791 1883 mini-

484 1902 604 1940 steria
628 1904 888 1952 prelatorum,
923 1914 958 1941 et
991 1904 1171 1941 dissolvit
1205 1906 1463 1941 concedendo
1495 1905 1591 1953 ipsis
1625 1905 1790 1941 existen-

483 1960 589 1997 tibus
641 1961 884 2009 symoniacis
937 1972 979 1999 ut
1031 1963 1208 1999 declarat
1260 1975 1330 2011 per
1377 1964 1481 2011 leges
1527 1972 1564 1999 et
1609 1963 1790 2000 raciones

484 2019 740 2068 multiplices.

551 2166 579 2194 6.
601 2171 765 2202 utrumque
784 2168 828 2198 bc.
849 2167 1051 2203 utriusque-f,
1074 2168 1193 2203 utrique
1213 2168 1232 2194 i.
