2002 3359
200 290 272 313 100

262 518 290 544 A
311 516 401 551 iudge

217 552 348 579 infecttid
372 552 443 578 with

246 587 375 622 Simony
396 588 420 613 is

222 623 439 655 incompetent.

264 2148 414 2183 Qualities

236 2183 350 2210 needed
371 2183 401 2210 in
423 2191 439 2210 a

286 2218 385 2253 judge.

920 287 1143 317 JOHANle
1171 287 1354 318 WYCLIF
1597 274 1702 331 [CAP.
1718 285 1800 313 vm,

486 394 567 430 eice
601 394 774 441 primum
811 396 964 429 trabem
1001 395 1048 429 de
1081 394 1198 429 oculo
1232 403 1301 429 tuo
1334 402 1371 429 et
1407 403 1502 429 tunc
1526 394 1718 430 festucam
1753 396 1800 431 de

485 452 602 487 oculo
637 452 765 487 fratris
799 452 854 486 tui
902 451 1051 498 poteris
1098 451 1258 498 eicere'3
1294 460 1329 487 et
1373 460 1464 487 sunt
1503 453 1552 487 ad
1588 452 1661 487 hoc
1694 453 1799 500 leges

488 511 610 545 multe
644 518 723 545 tam
761 509 821 544 dei
869 522 988 556 quam
1038 508 1260 545 bominum.
1308 509 1418 545 Sicut
1463 509 1567 545 enim
1603 510 1799 557 yctericus

486 580 564 603 non
598 567 747 602 iudicat
782 568 828 603 de
853 566 1067 609 coloribus,
1102 567 1158 603 sic
1192 567 1307 603 iudex
1330 567 1498 604 infectus
1529 568 1686 604 macula
1718 581 1800 604 non

485 625 685 673 reputabit
719 624 828 661 illam
855 634 1064 672 peecatum
1100 625 1138 661 in
1162 625 1262 670 aliis,
1287 627 1354 660 sed
1380 625 1545 670 fovebit3
1580 625 1682 661 sicut
1706 638 1800 674 ergo

484 683 739 731 symoniacus
764 692 902 730 peccat
936 683 974 718 in
1005 683 1268 719 universalem
1295 683 1503 720 ecclesiam
1530 692 1566 719 et
1590 684 1799 731 quodlibet

485 742 567 778 eius
592 742 832 786 membrum,
867 742 974 788 quod
1000 750 1155 777 tenetur
1180 750 1389 789 peccatum
1414 742 1512 778 illud
1545 754 1798 789 cognoscere,

484 800 538 836 sic
572 812 743 846 persona
776 798 1012 834 universalis
1059 799 1223 836 ecclesie
1258 812 1347 835 cum
1382 799 1431 836 sit
1463 799 1646 847 superior
1679 809 1799 848 atque

485 857 670 902 habilior,
705 858 820 893 debet
850 858 897 892 de
922 867 1086 904 peccato
1110 856 1178 893 tali
1202 870 1456 905 cognoscere.
1481 860 1561 894 Nec
1584 857 1800 905 requiritur

484 918 534 951 ad
562 917 636 951 hoc
671 928 815 962 magna
848 914 1057 960 industria,
1092 917 1157 951 sed
1183 928 1419 963 quecunque
1454 928 1637 963 persona,
1672 916 1798 952 eciam

486 973 683 1010 hereticus
716 973 775 1008 vel
801 973 997 1018 meretrix,
1032 982 1197 1020 peccato
1221 974 1383 1020 cognito
1417 975 1533 1010 debet
1566 974 1694 1021 ipsum
1729 974 1800 1009 viis

486 1041 522 1067 et
552 1031 680 1067 modis
711 1031 950 1077 extinguere,
985 1040 1026 1066 ut
1057 1040 1165 1078 patet
1185 1033 1229 1067 V.
1271 1032 1553 1078 Decretalium,
1594 1031 1709 1067 titulo
1745 1034 1799 1067 De

1820 931 1858 952 10

485 1089 690 1137 Symonia‚
711 1088 888 1136 capitulo
911 1090 1053 1134 Tantam
1075 1089 1189 1125 aliter
1213 1089 1317 1125 enim
1342 1099 1475 1137 posset
1499 1090 1647 1126 heresis
1671 1103 1800 1137 symo-

485 1148 601 1184 niaca
634 1148 796 1183 inficere
830 1156 956 1183 totam
982 1147 1190 1183 ecclesiam
1216 1157 1431 1195 antequam
1457 1148 1638 1196 leprosus
1671 1161 1801 1196 symo-

486 1206 623 1242 niacus
657 1205 784 1253 ipsam
819 1207 866 1241 de
900 1204 1039 1241 castris
1085 1206 1309 1253 expelleret.
1345 1207 1437 1242 Ideo
1479 1205 1709 1242 ordinatum
1744 1215 1801 1242 est

485 1277 524 1299 111
557 1264 642 1311 lege
677 1263 842 1308 domini,
877 1265 985 1311 quod
1018 1265 1247 1300 sacerdotes
1279 1264 1347 1312 qui
1373 1265 1517 1300 debent
1540 1263 1719 1300 iudicare
1753 1266 1800 1300 de

486 1323 595 1369 lepra
629 1321 706 1357 sint
741 1321 892 1367 mundi,
916 1329 958 1357 ut
982 1330 1090 1369 patet
1114 1335 1193 1369 quo
1227 1323 1276 1358 ad
1310 1321 1532 1369 inplicitum
1560 1321 1723 1359 Levitici
1754 1323 1796 1358 13

487 1389 523 1415 et
556 1381 605 1415 ad
639 1379 747 1415 aliud
782 1378 946 1415 Levitici
994 1389 1059 1421 21,
1107 1379 1199 1427 quia
1248 1379 1362 1415 aliter
1395 1381 1667 1416 subverterent
1700 1380 1801 1416 iudi-

486 1438 606 1483 cium,
669 1446 710 1473 ut
764 1439 843 1473 duo
895 1449 1007 1473 senes
1060 1438 1267 1485 presbiteri
1320 1437 1547 1474 iudicarunt
1598 1440 1798 1474 Zuzanam

487 1496 640 1533 Daniel.
670 1508 726 1541 14.
759 1497 851 1531 Ideo
874 1497 1040 1531 docetur
1063 1509 1083 1532 a
1107 1498 1214 1532 Jetro
1239 1505 1409 1544 cognato
1433 1496 1560 1543 Moysi
1586 1498 1707 1532 Exod.
1740 1497 1799 1542 18,

487 1555 608 1601 ‘quod
634 1554 860 1601 provideret
883 1555 930 1589 de
952 1554 1061 1589 omni
1088 1554 1200 1602 plebe
1233 1554 1339 1590 viros
1374 1563 1556 1602 potentes
1590 1563 1626 1591 et
1659 1554 1801 1590 timen-

486 1621 543 1648 tes
577 1614 709 1657 deum,
743 1611 782 1647 in
827 1611 969 1659 quibus
1016 1612 1066 1647 sit
1111 1612 1254 1648 veritas
1300 1621 1336 1649 et
1369 1612 1435 1660 qui
1486 1612 1643 1648 oderint
1677 1612 1803 1649 avari-

487 1670 619 1715 ciam'‚
654 1670 721 1717 qui
755 1669 931 1706 iudicent
965 1670 1176 1717 populum.
1222 1672 1318 1706 Item
1363 1672 1412 1706 ad
1446 1670 1704 1706 iudicandum
1747 1670 1802 1706 sic

488 1729 534 1764 de
569 1727 697 1763 heresi
731 1728 790 1763 vel
823 1727 1005 1774 symonia
1040 1727 1256 1775 requiritur
1274 1728 1464 1776 precipua
1496 1728 1645 1764 noticia
1679 1729 1800 1776 scrip-

487 1795 682 1830 turarum,
728 1787 795 1820 sed
842 1785 959 1821 huius
998 1785 1094 1832 legis
1133 1795 1224 1821 sunt
1259 1785 1428 1833 predicti
1476 1795 1635 1833 satrape
1674 1786 1801 1833 ignari

489 1843 771 1888 communiter,
806 1855 900 1890 ergo
934 1851 970 1879 et
1003 1842 1230 1890 indispositi
1265 1845 1313 1879 ad
1360 1843 1414 1880 sic
1460 1843 1719 1880 iudicandum
1755 1845 1802 1879 de

490 1900 631 1947 heresi,
665 1913 737 1937 nec
771 1910 929 1937 excusat
953 1901 1227 1948 ignoranciam
1258 1914 1395 1937 eorum
1423 1903 1528 1949 quod
1553 1911 1717 1949 possunt
1752 1903 1801 1937 ad

491 1961 565 1995 hoc
598 1971 739 1995 vocare
770 1958 936 1995 clericos
965 1959 1024 1995 vel
1063 1959 1222 1995 sciollos
1256 1959 1351 2007 legis
1375 1959 1450 2004 dei,
1475 1959 1569 2007 quia
1592 1959 1647 1996 sic
1672 1968 1802 2008 potest

491 2017 712 2065 imperator
757 2026 793 2053 et
839 2016 976 2064 apcius
1022 2018 1071 2052 ad
1117 2016 1434 2054 convincendum
1483 2017 1610 2054 eciam
1654 2031 1801 2066 papam

492 2088 611 2122 super
645 2074 818 2111 heretica
851 2074 1061 2122 pravitate.

551 2132 781 2180 Requiritnr
804 2145 897 2180 ergo
921 2132 1094 2169 iudicem
1121 2134 1265 2169 habere
1288 2132 1544 2169 inflexibilem
1572 2133 1799 2180 potenciam

493 2191 829 2238 corespondenter
851 2191 899 2226 ad
922 2192 1039 2226 deum
1066 2199 1234 2238 patrem,
1260 2190 1475 2238 requiritur
1497 2192 1672 2227 secundo
1696 2192 1803 2238 quod

492 2249 636 2284 habeat
676 2247 967 2284 conscienciam
1010 2248 1190 2284 timendo
1224 2250 1341 2284 deum
1382 2249 1721 2296 corespondenter
1753 2249 1802 2284 ad

559 2413 579 2431 1.
602 2405 702 2438 primo
723 2403 809 2440 aeslz.
883 2413 908 2431 2.
931 2404 1034 2431 fratris
1055 2404 1098 2432 tui
1118 2413 1170 2441 ag,
1192 2405 1233 2432 tui
1251 2413 1309 2432 om.
1324 2404 1438 2435 celeris
1459 2409 1544 2439 potes
1565 2405 1594 2432 Ιι.
1670 2413 1695 2439 7.
1717 2406 1799 2440 quod

489 2444 516 2465 et
537 2444 658 2466 tenetur
677 2439 706 2466 h.
814 2440 842 2474 8,
863 2447 890 2474 ς).
913 2439 958 2466 sie
977 2455 1005 2459 —
1024 2448 1210 2473 cognoscere
1230 2440 1271 2467 al.
1292 2447 1329 2465 m.
1351 2440 1389 2472 l1‚·
1419 2440 1455 2466 ib.
1478 2444 1568 2474 atque
1590 2440 1736 2467 humilior
1755 2448 1799 2467 ce.

491 2482 531 2500 10.
554 2474 611 2501 hoc
627 2474 724 2508 magis
745 2473 844 2510 bcesg.
921 2482 961 2505 10,
979 2482 1011 2501 11,
1028 2478 1053 2500 et
1071 2474 1222 2501 hereticus
1236 2473 1310 2508 bees.
1386 2482 1422 2501 12.
1445 2474 1489 2501 tit.
1511 2483 1569 2501 om.
1589 2475 1636 2510 gi,
1657 2475 1697 2501 al.
1714 2483 1750 2501 m.
1771 2483 1800 2502 a.

491 2508 527 2536 13.
549 2517 619 2543 cap.
641 2508 721 2536 Tota
742 2509 790 2535 ab.
876 2517 916 2539 14.
939 2517 1137 2535 communem
1159 2509 1229 2535 eccl.
1251 2509 1294 2544 bf,
1316 2517 1395 2536 corr.
1418 2509 1448 2536 in
1469 2514 1564 2536 totam
1584 2511 1614 2543 d,
1642 2518 1800 2536 commun.

490 2548 585 2570 totam
601 2543 647 2579 gi,
668 2548 722 2570 tot.
737 2544 777 2570 al.
793 2551 830 2568 m.
845 2543 915 2570 add.
930 2551 958 2570 α.
1034 2551 1071 2577 17.
1089 2551 1149 2577 quo
1163 2543 1198 2570 ad
1215 2543 1440 2578 implementum
1456 2542 1534 2580 hcqf.
1611 2545 1649 2577 18,
1667 2552 1708 2605 ιέ.
1724 2544 1802 2571 iudi-

491 2577 572 2604 cium
588 2579 621 2604 al
645 2586 681 2604 m.
695 2577 724 2604 Ιι.
782 2586 821 2612 ις).
839 2586 929 2605 canes
939 2586 997 2612 pro
1011 2585 1073 2604 sen.
1089 2580 1124 2608 iz:
1145 2578 1183 2604 ib.
1200 2582 1315 2604 veteres
1331 2585 1412 2605 corr.
1430 2579 1460 2605 in
1484 2578 1585 2613 presb.
1607 2579 1643 2607 h,-
1665 2579 1677 2605 i
1698 2599 1703 2605 .
1725 2578 1803 2605 iudi-

491 2617 635 2639 cauerunt
652 2612 756 2639 ceteri.
829 2619 875 2639 20.
897 2621 912 2639 a
929 2617 1009 2639 retro
1024 2612 1064 2647 cf.
1138 2620 1177 2639 21.
1200 2613 1304 2639 decem
1321 2612 1407 2647 plebe
1421 2613 1481 2649 hes,
1498 2613 1534 2640 de
1548 2613 1632 2640 omni
1649 2613 1679 2640 in
1694 2621 1756 2640 νας.
1772 2621 1800 2639 α.

490 2653 532 2673 22.
554 2646 715 2673 dominum
736 2646 765 2673 111
787 2647 899 2677 σείει-ιζ·
918 2647 956 2674 ib.
977 2646 1098 2673 oderint
1113 2646 1158 2678 bh,
1179 2646 1309 2673 oderunt
1324 2648 1427 2674 celeri.
1500 2646 1542 2675 23.
1558 2648 1594 2674 ad
1617 2647 1735 2675 siciud.
1750 2646 1804 2684 df,-

491 2681 535 2707 sic
556 2682 596 2708 al.
619 2689 656 2707 m.
678 2681 709 2707 11.
787 2688 832 2714 31.
855 2686 916 2708 not,
940 2681 1043 2716 precip
1076 2681 1197 2717 abcifgi.
1280 2681 1319 2708 25.
1342 2682 1478 2716 predicte
1498 2682 1542 2709 ch.
1623 2683 1668 2710 26.
1690 2686 1718 2709 et
1737 2683 1800 2713 ceh,

489 2716 529 2742 al.
546 2724 582 2742 m.
604 2716 633 2749 d,
654 2723 712 2742 om.
728 2716 842 2747 ceteri;
860 2716 899 2742 ib.
922 2720 953 2743 ut
968 2715 1085 2750 dispos.
1101 2723 1143 2749 ce,
1165 2716 1350 2750 indisposite
1369 2717 1397 2744 Ιι.
1453 2724 1496 2750 27.
1518 2716 1729 2751 ignoranciam
1751 2716 1801 2748 dh,

491 2750 669 2783 ignorancia
701 2750 814 2782 ceterzss·
842 2750 879 2777 ib.
910 2751 991 2785 quod
1024 2751 1088 2784 cell,
1124 2751 1195 2786 quia
1223 2752 1328 2778 ceteri.
1436 2752 1481 2779 28.
1514 2756 1543 2778 et
1576 2751 1663 2779 sciol.
1696 2751 1800 2779 ceteri.

491 2784 528 2812 31.
550 2784 683 2812 inflexib.
706 2792 787 2812 corr.
809 2792 846 2812 ex
866 2785 1040 2812 inflexivam
1062 2793 1090 2812 a.

565 2866 613 2887 12.
642 2858 745 2898 Corp.
766 2857 826 2888 iur.
843 2867 917 2889 can.
934 2858 1031 2888 Decr.
1046 2857 1096 2888 De
1114 2857 1269 2888 simonia
1286 2858 1325 2897 V,
1343 2859 1372 2897 3,
1387 2868 1407 2899 7
1422 2858 1638 2899 (Friedberg,
1653 2858 1691 2898 11,
1706 2857 1798 2900 750).

497 2912 545 2943 17.
574 2903 683 2934 l,evit.
716 2904 751 2935 13
780 2909 813 2934 ct
840 2913 893 2934 21.
991 2912 1043 2934 20.
1071 2903 1180 2934 Exod.
1206 2902 1254 2943 18,
1284 2913 1335 2935 21.
1363 2904 1448 2935 Dan.
1474 2915 1522 2945 14,
1551 2914 1591 2947 29
1618 2914 1716 2946 seqq.

1822 1211 1856 1241 15

1818 1509 1858 1530 20

1822 1792 1859 1822 25

1820 2079 1862 2110 30
