2002 3359
166 303 183 327 10

892 304 1114 335 JOHANNIS
1140 303 1324 335 WYCLIF
1615 290 1718 347 [cm.
1740 301 1761 327 1.

453 408 585 443 culum
611 411 716 456 quod
741 418 919 454 sanetum
944 409 1027 457 ipsa
1043 410 1146 445 enim
1164 419 1326 457 propter
1341 410 1617 457 contagionem
1636 410 1763 446 morbi

453 466 613 501 caucius
648 469 695 503 ab
730 467 895 503 ecclesia
928 477 983 503 est
1018 468 1203 503 cavenda.

180 530 338 569 scripture
359 531 416 569 aii-d
508 525 737 561 Tractando
761 534 893 561 autem
919 526 965 561 de
989 525 1182 572 symonia,
1217 534 1375 573 oportet
1408 538 1630 574 supponere
1653 526 1760 563 illam

163 566 435 628 ηζζὸξῑῖἓιζᾎᾚζΐ
452 594 547 619 esse.
589 585 695 630 quod
740 584 886 619 nedum
927 592 1095 619 testatur
1134 583 1230 618 fides
1270 583 1464 631 scripture
1497 586 1582 621 Act.
1618 586 1654 627 ὃ,
1695 586 1761 620 sed

197 636 404 700 Ἁζῑῐῑῖζὲῧξῡῐ
450 640 555 676 fama
600 641 759 688 publica
790 642 958 687 laborat,
1002 651 1089 689 post
1135 641 1384 677 dotacionem
1431 642 1592 678 ecclesie
1636 642 1798 690 ipsamS

337 701 346 706 ”
452 710 637 745 magnam
670 708 825 747 partem
854 709 991 735 vocate
1026 699 1188 735 ecclesie
1221 712 1448 747 occupasse.
1482 703 1625 736 Narrat
1658 700 1762 736 enim

451 756 647 803 scriptura
692 759 895 805 quomodo
936 759 1085 804 Symon
1130 770 1267 805 magus
1312 758 1436 793 voluit
1480 760 1528 794 ab
1572 758 1763 806 apostolis

451 813 592 850 emisse
608 824 858 862 potestatem,
876 824 917 850 ut
933 815 1155 862 cuicunque
1181 828 1320 852 manus
1335 815 1555 863 inponeret,
1580 815 1762 863 spiritum

451 881 632 908 sanctum
668 874 872 920 reciperet.
909 875 955 908 Et
988 875 1036 909 ab
1069 873 1155 920 ipso
1178 875 1351 921 Symone
1375 887 1492 921 mago
1516 874 1621 910 dicta
1644 875 1763 922 pestis

452 931 608 966 emendi
625 931 769 967 dicitur
784 931 977 978 symonia,
993 931 1094 966 sicut
1110 931 1245 978 aGesi,
1263 933 1309 967 de
1326 945 1404 980 quo
1420 934 1604 980 4Regum
1621 945 1706 980 cap.
1727 933 1762 977 5,
1785 945 1823 966 10

451 988 571 1035 pestis
604 989 799 1024 vendendi
833 989 978 1024 dicitur
1011 989 1138 1026 Gesia.
1181 992 1228 1025 Et
1261 989 1336 1026 ista
1369 991 1446 1026 duo
1478 1003 1629 1027 venena
1661 1003 1763 1026 nova

451 1055 488 1081 et
511 1056 643 1082 vetera
679 1047 889 1083 correlarie
923 1060 961 1082 se
994 1056 1182 1083 secuntur
1205 1060 1249 1084 ac
1272 1057 1487 1096 utrumque
1510 1048 1764 1096 amplectitur

205 1112 389 1151 hesitation:
451 1117 596 1139 nomen
620 1105 794 1140 alterius.
829 1105 1066 1141 Describunt
1090 1114 1223 1141 autem
1248 1105 1363 1153 periti
1394 1106 1631 1153 symoniam,
1657 1107 1764 1154 quod

170 1147 425 1209 5{{}¹s¹„{³isl‘,{}1³e⁵x}¹.¹j¹11
452 1172 508 1198 est
541 1162 767 1198 inordinata
799 1163 942 1199 volicio
975 1163 1197 1210 spiritualia
1229 1177 1301 1211 pro
1338 1164 1625 1211 temporalibus
1658 1177 1765 1200 com-

196 1217 402 1287 ἱῧὶῗιῖἷιῑὲιᾞξξξ
453 1220 652 1261 mutandi·,
687 1222 760 1256 hoc
795 1221 898 1256 enim
923 1230 980 1257 est
1003 1221 1147 1257 clarius
1171 1234 1291 1269 quam
1316 1223 1390 1257 hoc
1413 1234 1535 1270 genus
1559 1222 1764 1258 “studiosa
1787 1225 1821 1257 15

161 1274 434 1322 teinporaitliings.
451 1278 673 1323 voluntas''‚
698 1278 790 1326 quia
805 1280 951 1314 nedum
969 1278 1059 1315 licet
1082 1279 1190 1315 omni
1216 1279 1381 1325 homini,
1406 1281 1473 1316 sed
1497 1281 1611 1316 debet
1634 1292 1764 1316 emere

451 1336 736 1372 beatitudinem
762 1346 797 1372 et
822 1349 891 1384 per
914 1350 1159 1385 consequens
1183 1338 1298 1373 debet
1313 1338 1488 1374 studiose
1504 1350 1634 1374 emere
1650 1338 1764 1386 spiri-

451 1394 569 1439 tuale,
604 1394 703 1430 sicut
727 1395 904 1442 loquitur
927 1395 1113 1431 dominus
1138 1395 1176 1430 in
1200 1396 1395 1443 propheta
1418 1397 1482 1432 Ys.
1511 1396 1580 1432 55:
1611 1396 1764 1432 ‘Venite

451 1461 487 1487 et
520 1452 638 1487 emite
662 1454 810 1500 absque
833 1454 1008 1500 argento'
1041 1463 1077 1489 et
1101 1455 1216 1489 docet
1240 1455 1377 1489 beatus
1401 1454 1614 1501 Gregorius
1638 1456 1765 1502 Super

451 1510 665 1557 ewangelia
698 1511 844 1546 omelia
881 1512 921 1551 5:
962 1520 999 1547 et
1027 1511 1136 1562 ‘idem
1172 1511 1307 1547 dicunt
1341 1513 1478 1548 beatus
1511 1513 1764 1548 Bernhardus
1784 1526 1823 1546 20

451 1577 487 1603 et
521 1568 585 1604 alii
619 1569 758 1615 sancti,
799 1582 887 1605 cum
922 1581 1039 1605 nemo
1073 1569 1187 1606 aliter
1220 1578 1275 1605 est
1309 1571 1459 1616 beatus,
1494 1570 1619 1606 eciam
1652 1572 1763 1606 Jesus

451 1626 644 1663 Christus.
679 1628 775 1662 Item
802 1626 988 1674 magister
1012 1628 1126 1663 debet
1159 1628 1334 1664 studiose
1367 1637 1615 1664 commutare
1649 1628 1765 1664 disci-

451 1684 556 1731 pulis
580 1684 659 1719 suis
683 1685 911 1727 scienciam,
946 1685 1045 1720 sicut
1069 1686 1297 1733 predicator
1329 1687 1388 1721 vel
1421 1694 1762 1722 sacramentorum

452 1741 699 1778 ministrator
732 1743 906 1779 studiose
931 1745 1046 1779 debet
1080 1753 1327 1780 commutare
1362 1757 1433 1791 pro
1466 1756 1587 1791 parco
1612 1752 1764 1791 tempo-

175 1807 241 1835 The
262 1808 417 1847 definition
452 1799 593 1835 salium
619 1800 795 1836 subsidio
820 1801 995 1836 officium
1022 1801 1228 1848 spirituale
1251 1803 1311 1838 vel
1336 1801 1535 1837 meritum.
1570 1803 1661 1837 Ideo
1684 1815 1763 1838 non
1783 1805 1821 1836 25

199 1851 394 1904 iffffifflfffie
454 1870 522 1905 per
554 1870 593 1893 se
627 1858 665 1893 in
689 1858 756 1894 tali
782 1859 1102 1895 commutacione
1135 1869 1191 1896 est
1215 1860 1374 1902 vicium,
1405 1860 1558 1895 dicente
1582 1861 1763 1907 apostolo

176 1912 420 1982 exZiilftiossurciiliy
454 1917 543 1951 Cor.
571 1929 613 1962 9:
640 1916 692 1951 ‘Si
718 1930 788 1952 nos
811 1917 920 1952 vobis
944 1917 1167 1964 spiritualia
1191 1918 1448 1963 seminamus,
1472 1931 1551 1953 non
1577 1930 1763 1965 magnum

194 1967 383 2009 Αικιιιὶῗνῇιι.
454 1982 523 2019 est,
568 1973 597 2009 si
645 1975 820 2010 carnalia
864 1984 993 2011 vestra
1038 1977 1261 2012 metamus*
1316 1978 1411 2011 Item
1457 1975 1548 2011 licet
1591 1976 1767 2012 studiose

454 2040 702 2068 commutare
735 2034 942 2068 vendendo
968 2042 1004 2068 et
1029 2035 1197 2069 emendo
1231 2033 1419 2074 decimas,
1454 2033 1695 2077 oblaciones,
1729 2043 1766 2069 et

453 2089 550 2125 alias
589 2102 649 2125 res
682 2103 827 2133 sacram,
873 2091 973 2127 sicut
1006 2101 1113 2138 patet
1146 2091 1185 2127 in
1221 2091 1326 2127 mille
1361 2091 1529 2137 casibus,
1566 2091 1654 2128 ideo
1687 2105 1766 2127 non
1783 2094 1825 2126 30

453 2160 523 2194 per
555 2160 594 2182 se
628 2148 667 2183 in
700 2148 766 2184 illa
799 2149 1135 2191 commutacione,
1171 2151 1239 2185 sed
1272 2149 1310 2185 in
1344 2149 1677 2185 commutacionis
1710 2149 1766 2185 in-

453 2205 711 2241 ordinacione
745 2207 924 2242 consistit
958 2216 1180 2254 peccatum,
1215 2209 1321 2255 quod
1355 2220 1434 2243 non
1466 2220 1536 2254 per
1568 2220 1607 2243 se
1636 2207 1767 2254 primo

455 2272 511 2298 est
551 2263 590 2298 in
630 2273 717 2299 actu
760 2264 991 2306 extrinseco,
1032 2267 1099 2300 sed
1141 2265 1368 2301 radicaliter
1400 2265 1439 2300 in
1472 2273 1561 2301 actu
1594 2265 1765 2301 volendi.

454 2322 502 2356 Et
541 2321 634 2368 quia
672 2322 833 2358 aliunde
871 2332 1002 2370 posset
1042 2336 1124 2359 esse
1164 2336 1274 2358 error
1314 2323 1353 2358 in
1392 2323 1575 2370 potencia
1607 2322 1768 2359 volitiva

455 2391 531 2425 que
575 2380 757 2416 voluntas
804 2380 961 2423 dicitur,
1008 2380 1098 2416 ideo
1142 2381 1343 2426 signanter
1394 2380 1539 2416 dicitur
1586 2380 1767 2427 symonia
1785 2381 1824 2413 35

455 2436 669 2472 consistere
703 2437 741 2473 in
774 2447 865 2474 actu
898 2439 1081 2485 potencie
1104 2438 1274 2475 x'olitive.
1310 2440 1357 2473 Et
1380 2439 1498 2474 credo
1522 2439 1629 2485 quod
1662 2438 1766 2473 idem

455 2493 690 2541 intelligitur
722 2508 791 2542 per
824 2497 897 2531 hoc
930 2509 1051 2543 genus
1086 2496 1277 2532 ‘studiosa
1310 2495 1518 2541 voluntas',
1558 2508 1649 2532 nam
1684 2495 1767 2531 sine

526 2615 550 2642 3.
573 2616 670 2651 ipsam
693 2616 793 2643 ceteri.
894 2618 920 2644 ὃ.
943 2617 973 2644 in
994 2619 1076 2644 textu
1097 2617 1219 2648 emisse,
1241 2618 1282 2644 al.
1305 2625 1340 2644 m.
1363 2625 1462 2644 emere
1482 2625 1535 2653 ag.
1627 2626 1654 2652 9.
1678 2626 1768 2653 mago

456 2650 534 2677 dicta
556 2658 613 2677 om.
636 2651 739 2679 celeri.
882 2660 923 2684 14.
947 2653 1087 2678 voluntas
1108 2652 1127 2681 ι’,
1154 2652 1183 2678 in
1204 2654 1286 2678 textu
1310 2652 1430 2682 volicio,
1452 2652 1493 2678 al*
1515 2660 1552 2678 m.
1574 2653 1716 2679 voluntas
1736 2660 1766 2680 α.

457 2688 497 2712 18.
513 2686 588 2712 deus
608 2686 723 2715 celeri:
743 2686 780 2712 ih.
798 2686 958 2721 prophetia
974 2687 1002 2713 d.
1059 2694 1103 2712 20.
1121 2687 1160 2713 ibi
1172 2694 1233 2725 pro
1248 2687 1329 2713 idem
1344 2694 1391 2717 ae,
1411 2686 1513 2713 docuit
1535 2686 1554 2713 i.
1613 2695 1658 2720 24.
1676 2695 1767 2722 parco

456 2728 536 2747 corr.
558 2728 595 2746 ex
616 2729 709 2754 parvo
730 2721 758 2751 d,
780 2729 875 2754 parvo
896 2722 1057 2755 temporali
1079 2725 1185 2747 celem.
1280 2726 1283 2731 ·
1317 2729 1360 2756 27.
1384 2721 1482 2756 spirit.
1505 2722 1718 2748 ministramus
1738 2722 1766 2748 h.

456 2753 495 2781 31.
517 2763 570 2789 per
590 2764 620 2781 se
641 2756 668 2786 Ιι,
690 2756 827 2789 sequitur
846 2755 949 2782 ceteri.
1093 2755 1136 2782 32.
1158 2756 1238 2790 quod
1261 2756 1289 2785 Ιι.
1310 2756 1380 2790 quia
1401 2755 1513 2787 ceter&
1532 2756 1561 2782 in
1583 2761 1664 2783 textu
1685 2756 1767 2791 quia,

456 2789 498 2815 al.
520 2797 557 2816 m.
579 2790 661 2824 quod
683 2789 713 2817 d.

530 2872 579 2904 18.
613 2873 716 2904 isaias
750 2873 802 2913 55,
840 2884 865 2904 1.
1036 2884 1085 2917 19.
1124 2874 1238 2916 Migne
1276 2874 1393 2905 Patres
1432 2874 1543 2905 Latini
1578 2872 1631 2914 76,
1670 2880 1766 2913 1092.

459 2928 511 2961 27.
543 2929 552 2949 1
586 2920 665 2950 Cor.
693 2930 725 2962 9.
