2002 3359
174 287 194 320 «3
903 297 1125 328 ,ιωΗΑΝΝιε
1153 297 1336 329 wrciiir
1625 284 1729 342 [cm.
1752 296 1772 323 1.

462 402 556 450 quia
589 415 680 450 sepe
714 402 796 450 ipse
831 415 917 437 cum
962 402 1230 438 cardinalibus
1263 403 1342 438 suis
1378 404 1419 439 fit
1453 404 1704 451 symoniacus
1738 414 1774 441 ct

460 474 481 497 a
522 460 684 496 brachio
725 459 891 495 seculari
933 460 1135 507 depositus
1174 460 1317 496 virtute
1355 461 1474 509 primi
1514 475 1629 509 pape.
1685 464 1773 498 Ideo

460 518 575 564 absit,
610 519 715 566 quod
751 517 907 553 fallacia
940 517 1163 553 antichristi
1196 520 1358 555 seducat
1398 520 1535 555 mundi
1574 520 1773 568 principes

460 585 495 612 et
530 577 689 612 claudat
722 576 799 611 tela
833 588 975 611 aranee
1010 588 1149 611 manus
1183 589 1286 622 suas⁷
1320 589 1369 613 ne
1403 589 1445 612 ex
1479 578 1631 613 defectu
1666 578 1773 614 iuva-

461 634 576 669 minis
592 633 649 669 sui
675 643 711 669 et
738 633 872 669 matris
897 633 1060 669 ecclesie
1083 635 1229 670 vadant
1253 636 1301 670 ad
1326 634 1522 670 infernum
1547 635 1806 683 precipites.5

177 700 436 738 Ιτηρτορεςψω
518 692 732 727 Residuum
779 699 911 727 autem
958 691 1223 727 conclusionis
1268 701 1376 740 patet
1419 695 1596 729 notando
1635 706 1773 730 omnes

205 735 414 804 ‘Zfsgffffgssffissf
459 759 629 790 curatos,
676 749 742 797 qui
788 761 858 796 per
902 749 1033 785 media
1078 749 1215 786 illicita
1260 750 1476 798 impetrant
1515 751 1707 787 beneficia
1752 765 1773 788 a

458 820 574 855 papa,
609 808 785 843 notando
819 807 944 844 eciam
979 820 1117 843 omnes
1150 808 1357 856 episcopos
1389 809 1449 844 vel
1483 809 1659 853 clericos,
1706 809 1773 857 qui

459 878 501 901 ex
525 865 758 910 ministerio,
794 874 947 913 rogam,
982 867 1041 901 vel
1074 865 1215 901 litteris
1244 867 1498 902 dominorum
1533 867 1771 903 secularium

458 923 619 970 indigne
653 925 702 959 ad
741 923 933 959 beneficia
967 923 1233 960 ecclesiastica
1273 933 1363 960 sunt
1395 925 1588 972 promoti3
1628 934 1664 961 et
1704 937 1831 961 nO-lo

458 982 580 1017 tando
604 981 729 1017 eciam
750 981 872 1017 tercio
895 994 1033 1017 omnes
1059 981 1259 1017 ministros
1282 984 1542 1030 prelatorum,
1567 992 1771 1031 cognatos,

458 1039 518 1074 vel
562 1039 864 1087 quomodolibet
918 1040 1206 1085 confederatos‚
1261 1040 1327 1088 qui
1372 1041 1432 1076 vel
1482 1042 1530 1077 ab
1574 1041 1668 1089 ipsis
1713 1042 1772 1077 vel

460 1097 707 1133 mediacione
761 1110 898 1133 eorum
952 1097 1090 1134 illicita
1143 1107 1232 1134 sunt
1284 1098 1470 1146 promoti.
1525 1101 1571 1134 Et
1625 1112 1772 1146 paucos

460 1155 517 1191 vel
556 1155 686 1191 nullos
730 1156 904 1203 prelatos
949 1168 994 1191 ac
1028 1164 1186 1191 curatos
1233 1156 1418 1200 invenies,
1465 1156 1531 1204 qui
1571 1170 1649 1193 non
1696 1156 1773 1193 sint

182 1218 283 1246 These=
305 1219 433 1247 heretics
461 1212 635 1250 heretici.
672 1215 718 1249 Et
742 1222 875 1249 tamen
905 1213 960 1249 illi
996 1226 1104 1249 more
1137 1214 1352 1255 latronum,
1388 1227 1498 1250 more
1521 1217 1771 1250 sacerdotum
1793 1217 1829 1249 15

197 1255 424 1317 prcffitclpliffithe
462 1270 709 1307 blasfemiam
745 1271 903 1307 Christo
953 1271 1251 1319 inponencium,
1303 1281 1339 1308 et
1383 1272 1619 1320 generaliter
1663 1286 1773 1309 more

462 1328 684 1365 antichristi
725 1330 996 1365 membrorum
1037 1329 1235 1377 impetunt
1269 1330 1403 1366 fideles
1436 1330 1624 1366 citissime
1657 1343 1774 1378 super

462 1386 636 1423 heretica
668 1387 875 1435 pravitate,
915 1396 952 1423 et
985 1387 1147 1423 dimissa
1186 1388 1269 1435 lege
1303 1388 1449 1424 Christi
1489 1397 1668 1424 statuunt
1700 1388 1773 1424 sibi

463 1458 585 1480 unum
611 1445 863 1493 capitaneum
888 1458 1065 1491 avarum,
1100 1445 1139 1481 in
1163 1445 1273 1481 cuius
1306 1446 1454 1482 iudicio
1486 1447 1581 1482 false
1606 1446 1771 1494 fingunt,

463 1504 570 1551 quod
593 1504 764 1550 pendeat
787 1512 929 1549 totum,
961 1505 1065 1551 quod
1091 1503 1130 1539 in
1153 1503 1219 1539 illa
1246 1504 1412 1541 materia
1436 1512 1492 1540 est
1515 1506 1770 1541 credendum.
1789 1515 1830 1537 20

463 1563 511 1596 Et
549 1560 613 1597 ille
654 1561 920 1597 communiter
959 1558 1214 1609 est'ignarus
1254 1574 1298 1598 ac
1338 1562 1505 1610 cupidus
1548 1562 1587 1598 in
1632 1564 1770 1598 eadem

464 1618 755 1666 dampnacione
779 1632 868 1655 cum
903 1619 1086 1656 hereticis
1119 1621 1222 1655 scole
1256 1632 1337 1666 sue,
1371 1629 1408 1656 et
1440 1629 1574 1656 tamen
1607 1620 1771 1656 dimisso

462 1676 620 1713 Christo
643 1689 733 1713 cum
757 1677 837 1713 suis
859 1677 1022 1725 legibus,
1057 1677 1139 1713 eius
1162 1677 1309 1714 iudicio
1333 1687 1369 1714 et
1392 1677 1543 1725 legibus
1576 1677 1769 1714 innititur.

172 1742 446 1782 Twoothcr-kinds
463 1737 509 1771 Et
532 1744 664 1782 preter
686 1735 781 1771 istos
804 1735 999 1771 hereticos
1022 1744 1112 1771 sunt
1136 1736 1214 1771 duo
1237 1735 1315 1772 alia
1339 1736 1602 1772 hereticorum
1628 1749 1771 1783 genera

207 1777 404 1846 Οξῂὲξζξζζῗῗ
462 1806 538 1840 que
571 1793 881 1841 dampnabiliter
913 1802 1003 1829 sunt
1036 1794 1246 1841 culpanda,
1280 1793 1429 1830 scilicet
1462 1793 1771 1841 exproprietarie
1788 1795 1826 1827 25

460 1850 645 1895 viventes,
685 1860 728 1887 ut
760 1852 900 1887 fratres
934 1860 969 1887 et
1003 1851 1155 1887 domini
1188 1852 1395 1888 seculares.
1438 1851 1558 1887 Primi
1594 1851 1697 1887 enim
1731 1851 1771 1887 in

460 1908 816 1956 predicacionihus‚
850 1909 889 1945 in
913 1909 1075 1957 privatis
1104 1909 1433 1956 exortacionibus‚
1467 1918 1503 1946 et
1525 1909 1565 1946 in
1598 1909 1771 1946 consiliis

458 1967 519 2002 vel
564 1966 879 2003 confessionibus
923 1969 969 2003 de
1014 1967 1088 2003 ista
1134 1967 1301 2004 materia
1344 1969 1637 2004 obmutescunt.
1690 1970 1771 2004 Nec

460 2024 639 2069 dubium,
685 2037 774 2060 cum
820 2024 883 2061 isti
916 2026 1184 2073 speculatores
1229 2027 1371 2061 debent
1414 2025 1513 2061 scire
1558 2035 1594 2062 et
1632 2034 1770 2061 accute

460 2083 625 2119 suadere
677 2082 920 2131 oppositum,
975 2082 1152 2131 alioquin
1197 2096 1239 2119 ex
1291 2095 1484 2119 consensu
1538 2083 1769 2131 gravissimo
1786 2086 1828 2118 30

180 2146 217 2173 11.
237 2146 344 2174 Ruiers
366 2147 435 2174 who
460 2149 550 2176 sunt
589 2140 808 2188 proditorie
853 2141 1079 2177 accusandi.
1133 2141 1328 2178 Ultimum
1372 2153 1464 2178 vero
1515 2154 1636 2189 genus
1680 2150 1770 2177 sunt

219 2186 397 2244 δίῗζζὲᾘζὲἓ
459 2199 657 2234 seculares
681 2198 846 2244 domini,
877 2198 989 2246 quasi
1013 2198 1274 2242 heresiarche‚
1308 2199 1375 2247 qui
1397 2200 1542 2235 nedum
1577 2207 1708 2235 tacent
1731 2198 1771 2234 in

460 2255 539 2291 suis
584 2255 696 2292 bonis
742 2265 880 2292 contra
930 2256 1198 2293 iuramentum
1250 2257 1398 2293 factum
1444 2256 1606 2293 ecclesie
1651 2264 1769 2304 atque

459 2313 636 2349 officium
687 2313 902 2350 limitatum
948 2327 969 2350 a
1015 2315 1101 2360 deo,
1156 2316 1223 2350 sed
1273 2314 1524 2361 symoniacos
1575 2313 1769 2350 hereticos

459 2370 622 2417 faciunt,
656 2372 801 2417 fovent,
837 2380 873 2408 et
896 2372 1131 2417 defendunt3
1165 2381 1201 2408 et
1225 2372 1338 2407 multi
1362 2372 1459 2408 tales
1492 2372 1531 2408 in
1565 2385 1656 2408 casu
1690 2384 1769 2419 quo
1786 2372 1825 2404 35

459 2428 640 2465 instructi
664 2429 810 2465 fuerint
838 2438 874 2465 et
903 2442 982 2465 non
1006 2429 1175 2466 excecati
1200 2442 1269 2477 per
1291 2429 1498 2471 hereticos,
1523 2431 1769 2465 destruerent

458 2486 666 2523 visibiliter
697 2488 801 2523 hunc
835 2500 1022 2523 errorem.
1058 2489 1134 2524 Sed
1167 2487 1267 2523 sicut
1301 2486 1462 2523 mutitas
1500 2500 1579 2523 non
1612 2496 1769 2523 excusat

458 2557 542 2590 nos,
577 2544 673 2592 quin
697 2546 886 2581 debemus
911 2546 980 2581 hec
1003 2544 1079 2580 illis
1103 2544 1246 2591 dicere,
1280 2544 1334 2580 ita
1367 2557 1504 2580 eorum
1538 2544 1769 2592 ignorancia

459 2614 537 2637 non
561 2612 718 2639 excusat
743 2615 821 2648 eos,
855 2602 964 2650 quin,
998 2602 1072 2638 nisi
1095 2615 1135 2638 se
1159 2601 1412 2648 correxerint,
1446 2601 1523 2638 sint
1547 2602 1766 2650 dampnati.

528 2755 548 2775 1.
567 2755 626 2783 pro
647 2747 728 2783 ipse:
750 2748 798 2775 ille
818 2748 917 2775 ceteri.
1013 2747 1036 2775 5.
1056 2747 1221 2786 principes
1235 2747 1398 2782 precipites
1419 2747 1438 2775 i.
1536 2756 1570 2775 11.
1592 2747 1687 2775 eciam
1708 2755 1767 2786 03’12

458 2782 572 2811 ceteri:
591 2783 629 2809 ib.
673 2782 731 2810 uod
754 2791 862 2810 omnes
882 2783 901 2810 ι’.
995 2781 1032 2810 13.
1054 2790 1193 2817 ipsorum
1214 2782 1317 2809 illicite
1332 2782 1352 2810 i.
1452 2790 1493 2816 14.
1516 2782 1622 2817 prelati
1644 2782 1767 2809 hereum

457 2817 585 2852 acquis
606 2825 678 2852 pre.
701 2818 826 2845 cancell.
848 2817 877 2844 α’.
994 2817 1029 2845 15.
1051 2825 1121 2844 cum
1137 2825 1197 2852 pro
1218 2820 1318 2844 tamen
1339 2817 1408 2845 abd.
1515 2825 1561 2844 20.
1583 2817 1641 2844 ista
1661 2816 1765 2844 ceteri.

458 2850 500 2878 23.
522 2851 693 2878 innituntur
713 2852 815 2880 celeri.
888 2851 931 2879 25.
952 2860 1021 2887 que,
1043 2855 1113 2892 su'nt
1132 2859 1190 2879 om.
1210 2850 1300 2886 adfg.
1382 2853 1428 2879 26.
1450 2855 1482 2878 ut
1502 2852 1585 2879 dom.
1607 2852 1643 2879 fr.
1665 2859 1723 2878 sec.
1744 2850 1765 2877 i.

458 2885 499 2913 33.
522 2885 550 2912 in
572 2885 685 2913 factum
707 2886 786 2923 ‘'(fgi
815 2886 845 2914 in
868 2894 932 2914 ras.
953 2889 984 2914 α.
1073 2885 1117 2921 57.
1141 2886 1230 2913 visib.
1252 2894 1309 2914 om.
1331 2886 1360 2920 i,·
1390 2886 1420 2914 in
1440 2889 1523 2914 textu
1544 2885 1644 2922 visib.,
1665 2885 1705 2913 al.
1726 2893 1765 2912 m.

461 2920 668 2948 verisimiliter
688 2920 715 2948 d.
789 2919 835 2956 39.
857 2920 1046 2957 dampnandi
1069 2921 1171 2948 ceteri.
