2002 3359
281 254 368 281 ccxix
393 246 443 294 v]
797 252 852 282 nic
882 251 967 280 sut(
981 251 1080 281 ›Nix
1831 243 1878 285 50

281 362 403 399 hussit
439 362 564 397 bullas
600 360 774 407 papales,
822 358 860 393 in
894 357 1037 405 quibus
1071 358 1351 394 continebatur
1384 358 1592 405 promocio

280 421 485 457 cuiusdam
522 418 655 455 clerici
689 429 766 465 que
799 416 871 452 fuit
906 417 954 452 al)
991 428 1037 451 eo
1071 416 1364 453 irracionabilis
1404 415 1592 459 iudicata,

280 490 459 515 asserens
492 490 532 513 se
566 476 685 512 malle
718 475 817 511 tales
852 476 1089 510 comburere
1123 487 1245 522 quam
1279 473 1456 511 animam
1482 487 1591 510 suani

281 537 319 573 in
344 537 499 572 inferno
523 533 712 582 torqueri.
739 531 938 568 Vecordia
961 532 1095 579 itaque
1119 545 1256 580 regum
1291 532 1465 580 originat
1498 532 1592 568 illud

248 596 447 640 5malum,
481 593 685 641 quondam
732 590 893 638 quidem
940 602 1041 637 pape
1075 590 1283 638 pecierunt
1316 591 1541 627 relevamen
1574 603 1595 626 a

282 666 404 701 regno
436 660 574 687 nostro
609 663 678 698 per
713 649 878 684 modum
912 647 1092 693 subsidii,
1133 657 1174 684 ut
1208 657 1317 695 patet
1349 648 1390 684 in
1422 657 1593 684 tractatu

284 714 339 747 l)e
359 713 480 758 Papa,
513 710 581 745 sed
613 708 732 743 modo
767 706 863 742 dicit
896 719 969 754 pro
1001 707 1086 753 lege
1119 706 1253 752 statui⁷
1288 708 1397 754 quod
1420 719 1525 754 papa
1549 708 1596 742 de

282 768 478 817 promotis
495 780 564 815 per
585 779 674 802 eum
695 766 840 801 habeat
858 764 1011 812 primos
1028 764 1191 800 fructus.
1219 767 1299 800 Nec
1323 764 1501 809 dubium,
1522 764 1594 800 nisi

282 839 403 874 regna
437 824 655 861 restiterint
688 823 772 859 istis
806 821 1031 858 antichristi
1064 822 1285 870 principiis,
1331 822 1487 869 parient
1520 822 1597 858 illis

229 904 265 923 ιο
283 883 408 932 magis
432 883 604 927 facinus3
634 882 781 918 nedum
807 880 901 928 quia
924 892 1034 928 reges
1058 880 1283 917 vecorditer
1306 889 1343 916 et
1360 881 1480 916 stulte
1504 893 1597 917 con-

282 942 463 979 senciunt
487 941 525 976 in
550 939 914 988 depopulacionem
940 941 1140 975 bonorum
1165 951 1337 987 quorum
1373 938 1550 986 regimen
1575 952 1597 975 a

281 1003 354 1037 deo
378 999 452 1036 sibi
477 998 704 1047 capitaliter
728 1006 784 1034 est
808 997 1039 1039 comissum,
1065 1010 1202 1034 verum
1227 996 1321 1045 quia
1336 1005 1445 1033 tante
1469 997 1597 1033 heresi

281 1058 512 1107 symoniace
546 1066 686 1093 contra
720 1056 869 1092 factum
891 1055 1038 1092 Christi
1064 1055 1341 1099 consenciunt,
1376 1064 1412 1091 et
1436 1068 1598 1091 necesse

283 1126 351 1161 est,
388 1117 496 1165 quod
530 1128 600 1164 per
633 1113 960 1163 pseudoclericos
994 1113 1182 1150 inimicos
1216 1113 1463 1150 domesticos
1497 1126 1598 1161 quos

231 1183 265 1216 15
285 1175 460 1212 exaltant
493 1173 724 1222 symoniace
757 1173 836 1209 sint
870 1172 1041 1220 decepti.

340 1233 525 1270 Secunda
572 1231 719 1268 ficticia
763 1230 875 1276 dicit,
921 1231 1029 1279 quod
1069 1243 1157 1267 cum
1199 1243 1305 1278 papa
1345 1230 1430 1266 sine
1475 1229 1597 1266 inter·
1613 1235 1646 1262 ΙΙ.
1665 1236 1809 1264 luxit-nce
1825 1238 1884 1276 111311

281 1291 464 1328 veniente
503 1299 623 1339 pacto
669 1289 891 1337 condignos
930 1298 1155 1336 promovet,
1199 1301 1282 1325 non
1323 1288 1498 1324 comittit
1537 1270 1881 1339 s)r-¹¹¹ff1¹1'{¹3'gngj¹}{¹⁵

284 1350 477 1395 moniam,
512 1348 605 1385 licet
628 1349 676 1384 de
700 1346 874 1395 propriis
898 1356 989 1394 post
1012 1346 1134 1394 gratis
1168 1346 1356 1394 accipiat.
1391 1346 1456 1383 Sic
1490 1346 1594 1382 enirn
1777 1335 1780 1340 ¹

284 1407 469 1445 concedit
515 1406 714 1455 episcopis
760 1414 796 1442 et
842 1404 1139 1441 archidiaconis
1184 1405 1223 1441 in
1255 1404 1398 1453 Anglia
1442 1404 1597 1453 primos

227 1484 267 1505 20
283 1466 434 1503 fructus
459 1466 506 1501 de
530 1474 612 1501 tota
644 1477 714 1500 sua
747 1463 929 1512 dyocesi3
963 1476 1087 1512 quare
1111 1476 1204 1510 ergo
1228 1475 1310 1499 non
1334 1472 1469 1511 posset
1492 1475 1598 1511 papa

284 1523 469 1573 capitalis
495 1523 681 1559 dominus
706 1523 844 1558 eadem
862 1521 1104 1558 auctoritate
1127 1521 1201 1558 sibi
1225 1534 1430 1558 assumere
1446 1520 1598 1570 primos

285 1582 460 1619 fructus?
494 1581 569 1618 Hic
603 1580 750 1617 dicitur
782 1581 889 1629 quod
923 1592 1004 1616 non
1028 1580 1148 1616 refert
1173 1593 1252 1628 quo
1277 1581 1326 1616 ad
1351 1581 1484 1626 deum,
1517 1579 1597 1616 sive
1653 1586 1681 1613 A
1702 1592 1844 1622 compact

284 1639 524 1678 interveniat
563 1638 748 1676 condicio
787 1637 911 1674 tacita
955 1638 1036 1674 sive
1076 1651 1261 1686 expressa
1299 1637 1494 1675 innuitiva
1538 1638 1599 1673 vel
1644 1622 1854 1692 ζῖξξῇζζῗᾏιζῗ

285 1698 540 1740 insumativa,
575 1697 669 1746 quia
704 1698 801 1733 deus
834 1696 901 1744 qui
935 1696 1112 1732 intuetur
1137 1698 1260 1733 corda
1283 1696 1494 1732 hominum
1519 1709 1599 1732 non
1639 1701 1709 1728 may
1731 1692 1765 1720 be
1788 1692 1870 1719 tacit.

228 1764 267 1796 25
285 1765 418 1806 potest
452 1756 600 1804 decipi3
641 1768 748 1803 papa
781 1764 915 1791 autem
949 1763 1081 1802 potest
1114 1755 1282 1803 palliare
1316 1754 1597 1791 condicionem

284 1829 404 1864 quam
417 1816 536 1851 habet
552 1814 591 1850 in
606 1814 756 1859 animo,
773 1822 815 1849 ut
826 1822 1037 1861 promotus
1053 1826 1146 1849 suus
1162 1813 1237 1849 sibi
1256 1813 1437 1850 conferat
1447 1812 1599 1861 primos

281 1874 446 1919 fructus,
459 1872 553 1922 quia
568 1881 699 1920 potest
709 1884 779 1920 per
795 1871 1252 1923 excommunicaciones,
1267 1870 1599 1919 perprivaciones

284 1941 321 1968 et
354 1944 425 1980 per
456 1930 690 1980 spoliativas
725 1929 970 1966 collaciones
1003 1931 1224 1966 secundum
1256 1930 1450 1966 mentales
1474 1942 1599 1965 reser-

284 1989 474 2026 vaciones
514 1997 550 2025 et
589 1988 769 2025 infinitas
810 1987 908 2024 alias
954 1988 1131 2024 cautelas
1176 1987 1339 2035 dyaboli
1384 1987 1596 2036 pecuniam

227 2054 268 2085 30
284 2056 471 2096 negatam
518 2047 685 2095 exigere,
734 2045 826 2082 ideo
860 2047 910 2082 ad
943 2045 1179 2094 paliandum
1215 2059 1331 2082 suum
1372 2045 1597 2082 dominium

285 2115 407 2154 atque
439 2105 676 2154 ippocrisim
715 2117 799 2141 non
832 2116 1015 2152 expresse
1056 2103 1275 2152 paciscitur
1314 2112 1405 2140 ante
1447 2105 1597 2140 datam.

286 2165 363 2201 Sed
405 2173 520 2211 neget
563 2162 745 2212 provisus
789 2162 996 2199 collectori
1039 2175 1111 2198 suo
1153 2161 1307 2210 primos
1351 2162 1517 2208 fructus,
1564 2171 1600 2198 et

356 2355 375 2374 1.
402 2347 519 2374 litteras
540 2354 617 2381 pape
638 2347 742 2374 ceteri.
851 2354 875 2374 2.
904 2346 983 2373 inter
1008 2346 1067 2372 ista
1089 2354 1150 2381 pro
1177 2345 1311 2372 iudicata
1330 2342 1430 2380 bcefg,
1460 2352 1543 2371 corr.
1565 2352 1603 2371 ex

286 2381 349 2408 iud.
371 2381 400 2415 ci,
420 2381 514 2409 iudic.
535 2381 565 2408 in
586 2389 649 2408 ras.
670 2389 700 2408 a.
826 2380 851 2409 3.
878 2381 954 2408 tales
981 2381 1022 2408 al.
1044 2389 1081 2407 m.
1103 2381 1131 2409 Ιι,
1161 2388 1247 2407 suam
1275 2379 1293 2406 lz
1319 2379 1428 2413 solum,
1455 2379 1476 2406 d
1500 2379 1542 2406 al.
1565 2387 1600 2405 m.

285 2416 308 2443 5.
331 2416 488 2450 qnondam
510 2416 624 2452 quippe
645 2416 747 2445 ceteri.
771 2416 942 2443 revelamen
962 2424 994 2451 g,
1016 2423 1098 2443 corr.
1120 2415 1151 2442 in
1172 2415 1261 2442 relev.
1284 2414 1325 2441 αἱ.
1418 2415 1446 2441 6.
1468 2418 1501 2441 ut
1522 2418 1601 2448 patet

286 2459 344 2477 om.
360 2451 379 2478 τ’.
436 2458 461 2485 7.
478 2451 551 2478 dicit
566 2451 584 2482 i,
599 2455 746 2478 statutum
762 2451 831 2484 bce;
846 2450 1013 2486 statimjg.
1030 2458 1113 2477 corr.
1129 2450 1159 2477 in
1176 2450 1265 2477 statui
1282 2449 1310 2476 d.
1368 2457 1408 2477 10.
1426 2449 1524 2483 magis
1539 2449 1600 2478 celt,

286 2485 386 2512 maius
406 2486 510 2513 ceteri.
584 2494 618 2519 11,
640 2493 676 2513 12.
700 2486 736 2512 ad
756 2494 808 2513 eos
829 2487 848 2513 ι’.
929 2493 966 2512 12.
989 2485 1046 2512 sibi
1068 2485 1133 2520 ajflz,
1155 2493 1213 2512 om,
1236 2483 1339 2512 ceteri.
1412 2492 1454 2517 14.
1477 2488 1602 2518 propter

287 2519 444 2554 pseudocl.
466 2521 485 2552 τ’,
508 2524 634 2556 propter
654 2528 735 2548 corr.
756 2521 787 2548 in
808 2529 862 2556 per
881 2520 910 2547 cl.
992 2528 1031 2555 17.
1053 2528 1113 2547 non
1135 2520 1177 2547 al.
1199 2528 1236 2546 m.
1257 2520 1286 2545 Ιι.
1369 2526 1410 2553 19.
1433 2518 1550 2545 archid.
1572 2518 1600 2549 Ιι,

287 2562 368 2581 corr.
390 2562 428 2581 ex
446 2555 689 2590 archiepiscopis
709 2555 738 2589 d,
759 2555 1004 2589 archiepiscopis
1025 2555 1127 2582 ceteri.
1253 2553 1296 2581 23.
1318 2553 1477 2580 invitativa
1496 2553 1601 2588 ahcfg,

288 2589 308 2616 d
327 2589 356 2616 in
379 2592 462 2616 textu
488 2589 657 2624 invitativa‚
688 2590 729 2616 al.
751 2598 788 2617 m.
810 2593 845 2617 ut
860 2590 898 2622 lz;
917 2589 1012 2617 invita
1030 2589 1050 2619 i.
1079 2589 1142 2616 sive
1163 2597 1225 2624 pro
1245 2589 1290 2616 ve]
1319 2588 1339 2622 i,
1367 2587 1554 2615 insinuativa
1572 2596 1601 2619 α,

288 2624 535 2651 inconsumativa
554 2624 574 2651 i.
676 2624 718 2652 25.
741 2624 859 2660 palliari
879 2633 910 2661 g,
933 2632 1013 2652 corr.
1035 2624 1065 2651 in
1088 2623 1213 2658 palliare
1233 2632 1262 2650 a.
1370 2631 1402 2656 27
1437 2623 1525 2658 punit
1543 2631 1602 2656 pro

289 2663 390 2694 potest
416 2658 464 2694 bg,
492 2659 596 2694 posuit
622 2659 681 2694 ces,
710 2659 813 2694 posuit
839 2667 920 2687 corr.
943 2659 973 2686 in
1000 2663 1100 2695 potest
1121 2658 1150 2691 d,
1178 2666 1232 2693 per
1260 2659 1342 2688 (ante
1360 2658 1435 2691 exc)
1462 2665 1521 2684 om.
1541 2657 1602 2690 afli,

288 2697 316 2720 et
337 2701 390 2727 per
411 2693 488 2728 priv.
509 2701 563 2729 ag.
642 2695 688 2720 28.
711 2702 764 2729 per
785 2702 843 2721 om.
863 2693 922 2729 sifi,
942 2694 982 2721 al.
1003 2702 1040 2721 m.
1063 2701 1105 2729 g‚·
1131 2692 1312 2727 spoliativas
1332 2692 1373 2725 di,
1396 2692 1602 2727 spoliaciones

289 2728 393 2755 ceteri.
432 2762 438 2766 ᾗ
466 2727 505 2755 31.
526 2732 556 2755 et
575 2727 638 2763 ipp.
660 2736 714 2765 ag,
737 2729 925 2763 panciscitnr
946 2729 1049 2756 celeri.
1130 2727 1172 2755 32.
1196 2728 1219 2754 si
1242 2735 1340 2762 neque
1356 2735 1418 2762 pro
1440 2726 1492 2754 sed
1514 2731 1603 2761 neget

290 2763 393 2794 celeri,
415 2771 438 2789 sn
461 2770 557 2798 neque
578 2770 661 2790 corr.
684 2764 713 2790 7'71
736 2764 786 2790 sed
809 2767 899 2798 neget
918 2763 946 2790 d.

360 2892 390 2923 7.
418 2881 599 2912 Tractatus
626 2882 675 2913 De
704 2882 805 2923 Papa.
834 2882 885 2913 Cf.
913 2883 1094 2913 Addenda.
