2002 3359
161 283 181 318 S
888 288 1110 318 JOHANNIS
1138 287 1321 319 WYCMF
1613 272 1718 330 [CAP.
1738 284 1760 310 1.

180 408 399 446 ,Endmvmcnt
450 398 549 433 Cum
596 404 726 432 autem
774 394 850 430 sint
895 394 997 441 leges
1043 402 1079 430 et
1120 393 1298 430 raciones
1338 393 1576 441 multiplices
1616 395 1664 430 ad
1698 394 1762 429 de-

178 442 415 506 ζζῃᾎᾞηξῗξὲὴξξ
450 454 683 491 struendum
718 454 819 489 hanc
858 452 1040 497 heresim,
1088 464 1158 487 nec
1199 451 1346 487 destrui
1392 451 1516 499 possit
1560 451 1762 497 radicitus,

240 514 357 547 heresy.
450 522 666 559 antequam
708 519 835 547 mater
874 510 956 546 eius
996 519 1032 546 et
1071 509 1187 546 fotrix
1227 511 1428 545 destructa
1467 509 1598 555 fuerit,
1639 509 1764 546 mani-

450 571 592 606 festum
617 578 687 615 est,
721 570 829 617 quod
861 577 1019 616 oportet
1053 569 1101 604 ad
1135 567 1217 603 eius
1241 567 1559 604 destruccionem
1593 567 1693 604 sicut
1726 567 1766 603 in

451 638 631 675 tempore
664 626 811 663 Christi
849 627 1071 663 fomentum
1112 625 1304 664 subtrahi.
1350 627 1451 662 Nam
1492 634 1621 662 stante
1655 627 1800 663 dota-5

453 686 563 723 cione
597 698 673 734 que
713 694 770 721 est
810 684 924 721 fotrix
965 684 1112 720 heresis
1152 684 1268 720 huius
1310 683 1486 729 ecclesie,
1528 683 1765 720 miraculum

452 745 553 780 foret
590 743 795 780 insolitum
835 744 943 791 quod
976 741 1123 778 heresis
1156 741 1387 789 symoniaca
1421 741 1684 789 extinguatur.
1726 743 1767 777 In

453 802 564 839 cuius
597 801 753 849 signum
788 814 809 837 a
842 810 1022 848 tempore
1056 799 1239 848 Symonis
1274 799 1378 847 magi
1412 812 1537 848 usque
1570 801 1620 836 ad
1654 801 1766 836 dota-

454 860 608 897 cionem
644 859 807 896 ecclesie
848 860 918 895 hec
958 858 1105 894 heresis
1145 857 1217 894 fuit
1257 857 1399 906 sopita,
1439 870 1510 894 nec
1544 857 1647 894 inter
1680 857 1767 894 reli-

454 918 584 966 giosos
622 931 702 954 non
740 916 1055 965 possessionatos
1093 929 1165 952 nec
1210 915 1314 952 circa
1359 915 1537 952 marcida
1576 915 1768 952 beneficia
1787 930 1825 951 10

455 976 666 1013 crebrescit
699 976 770 1012 hec
814 974 974 1021 heresis,
1014 976 1081 1010 sed
1121 974 1226 1011 circa
1269 973 1462 1010 beneficia
1505 973 1681 1022 pinguia,
1727 982 1769 1009 ut

455 1044 545 1071 sunt
578 1034 831 1082 episcopatus
871 1041 908 1069 et
940 1032 1015 1069 alie
1055 1045 1211 1069 cesaree
1251 1031 1484 1079 dignitates,
1518 1031 1628 1068 cuius
1662 1031 1769 1068 racio

457 1102 513 1129 est
548 1092 642 1140 quia
675 1091 961 1128 miraculorum
996 1090 1198 1138 operacio,
1232 1090 1271 1126 in
1304 1103 1383 1138 qua
1415 1089 1577 1138 spiritus
1611 1098 1769 1126 sanctus

457 1150 685 1195 assumitur,
719 1162 825 1186 nunc
858 1162 937 1185 non
960 1148 1116 1185 videtur
1149 1148 1250 1185 sicut
1283 1148 1322 1184 in
1356 1148 1520 1184 ecclesia
1553 1147 1769 1196 primitiva,

457 1222 546 1245 cum
588 1207 718 1244 cuncti
752 1208 886 1244 fideles
921 1216 1177 1255 cognoscunt,
1217 1207 1324 1255 quod
1364 1215 1420 1242 est
1459 1205 1669 1254 singularis
1709 1205 1827 1241 dei15

457 1266 644 1314 operacio
689 1279 760 1302 nec
804 1264 976 1313 dignitas
1026 1274 1253 1301 nostrorum
1305 1264 1551 1312 prelatorum
1598 1272 1771 1300 meretur

458 1326 532 1361 hoc
566 1324 666 1360 aliis.
701 1325 793 1360 Ideo
826 1336 869 1359 ex
902 1323 1056 1360 cautela
1081 1322 1227 1360 diaboli
1261 1335 1395 1358 eversa
1428 1331 1485 1359 est
1508 1322 1600 1359 cleri
1634 1321 1771 1369 religio

459 1396 480 1419 a
513 1382 729 1419 christiana
761 1381 801 1417 in
835 1394 1035 1418 cesaream
1070 1390 1120 1427 et,
1155 1380 1319 1417 dimisso
1351 1380 1467 1417 titulo
1500 1379 1717 1428 recipiendi
1750 1392 1771 1415 a

459 1441 610 1488 populo
662 1439 847 1476 edificato
901 1439 1139 1476 elemosinas
1191 1438 1313 1487 gratis
1365 1440 1491 1484 datas,
1544 1447 1773 1475 statuuntur

459 1499 630 1546 quedam
665 1499 770 1546 leges
803 1497 1079 1534 antichristine
1112 1498 1161 1534 ad
1195 1498 1510 1545 extorquendum
1544 1495 1771 1544 peccunias,
1789 1510 1831 1530 20

462 1556 575 1593 etsie
609 1565 665 1593 est
688 1556 879 1592 venalitas
913 1554 1060 1592 heresis
1094 1554 1322 1604 symoniace
1355 1555 1594 1591 introducta.
1629 1556 1676 1590 Et
1699 1554 1773 1590 ista

461 1624 551 1651 sunt
594 1623 777 1662 tempora
822 1613 1045 1662 periculosa
1090 1627 1166 1661 que
1210 1612 1467 1661 predixerunt
1506 1612 1686 1649 Christus
1738 1620 1774 1648 et

462 1686 554 1709 suus
588 1673 804 1720 apostolus.

174 1740 355 1780 Parisiensis
376 1748 447 1775 says
521 1731 633 1767 Unde
666 1729 897 1767 Parisiensis
942 1729 981 1765 in
1025 1738 1196 1766 tractatu
1249 1742 1319 1765 suo
1364 1731 1420 1765 De
1458 1727 1642 1765 Avaricia
1687 1740 1775 1764 nar-

208 1777 414 1839 ‘flatsfffflffllv
464 1790 588 1825 rando
620 1797 710 1824 octo
744 1801 820 1836 que
853 1787 1003 1823 faciunt
1036 1788 1083 1824 ad
1118 1786 1429 1823 detestacionem
1463 1786 1578 1822 huius
1607 1785 1831 1833 peccati,25

239 1855 272 1873 ⁵0
297 1854 379 1881 omy.
465 1846 560 1882 dicit
599 1846 638 1882 in
677 1845 759 1882 eius
799 1846 1020 1891 horrorem,
1066 1846 1172 1893 quod
1218 1854 1274 1881 est
1319 1844 1535 1892 spiritualis
1580 1843 1774 1880 sodomia.

465 1904 574 1942 Sicut
607 1903 711 1940 enim
746 1904 785 1940 in
818 1903 1015 1951 corporali
1048 1903 1229 1939 sodomia
1262 1911 1399 1939 contra
1421 1911 1606 1939 naturam
1640 1914 1776 1938 semen

464 1962 657 2011 perditur,
712 1975 755 1997 ex
797 1974 876 2009 quo
918 1961 1165 1997 individuum
1219 1960 1383 1997 humani
1435 1959 1589 2008 generis
1631 1960 1776 1996 forma—

466 2029 586 2066 retur,
620 2020 674 2056 sic
707 2019 746 2055 in
778 2019 845 2056 illa
877 2018 1059 2055 sodomia
1090 2032 1225 2055 semen
1257 2018 1364 2055 verbi
1397 2018 1459 2054 dei
1492 2017 1673 2064 deicitur,
1707 2030 1777 2065 per

466 2079 572 2126 quod
605 2077 645 2114 in
678 2077 836 2114 Christo
867 2080 957 2114 Jesu
990 2077 1208 2125 spiritualis
1241 2076 1449 2125 generacio
1483 2084 1696 2113 crearetur.
1730 2077 1778 2111 Et
1793 2078 1835 2110 30

467 2136 566 2172 sicut
611 2135 792 2172 sodomia
824 2134 896 2171 fuit
935 2144 1116 2183 tempore
1154 2135 1250 2183 legis
1288 2144 1429 2171 nature
1469 2142 1606 2171 contra
1649 2133 1776 2181 ipsam

466 2203 651 2230 naturam
684 2206 806 2229 unum
841 2194 888 2229 de
921 2193 1094 2241 peccatis
1127 2193 1380 2241 gravissimis,
1421 2191 1476 2228 sic
1507 2191 1689 2240 symonia
1721 2199 1777 2227 est

536 2312 560 2332 2.
583 2308 682 2340 potest
701 2304 765 2331 bde.
823 2293 864 2337 i4.
886 2304 1023 2339 primeva
1044 2303 1148 2331 ceteri.
1206 2311 1244 2337 17.
1266 2303 1296 2331 in
1317 2303 1385 2330 aliis
1405 2312 1454 2340 eg.
1510 2302 1550 2330 18.
1573 2301 1718 2330 recitandi
1739 2310 1778 2335 a,-

469 2339 679 2378 recipiendum
700 2339 759 2377 bre.
832 2346 876 2366 22.
899 2343 968 2366 sunt
988 2339 1005 2365 Ιι
1024 2339 1121 2365 solum
1142 2338 1269 2365 exhibet.
1342 2339 1388 2366 26.
1410 2338 1440 2365 in
1462 2346 1519 2365 om.
1541 2337 1570 2371 lt,
1590 2345 1726 2364 errorem
1747 2337 1774 2363 Ιι.

467 2382 514 2409 29.
529 2378 586 2401 ista
607 2382 747 2410 symonia
767 2374 870 2400 ceteri.
927 2372 964 2400 31.
981 2373 1021 2400 ita
1042 2373 1120 2400 sicut
1139 2373 1242 2400 ceteri.

540 2455 593 2486 24.
619 2445 821 2477 Parisiensis
847 2445 986 2488 aWycl.
1008 2445 1201 2477 Guilelmus
1227 2445 1411 2486 episcopus
1431 2444 1633 2475 parisiensis
1660 2443 1777 2485 appel-

469 2493 557 2524 latur
583 2491 641 2532 (cf.
660 2492 767 2523 Poole
784 2492 834 2523 De
854 2492 953 2523 Civili
980 2492 1158 2531 Dominio,
1185 2501 1262 2532 pag.
1283 2491 1360 2530 301,
1386 2493 1493 2530 note).
1521 2490 1583 2521 Cui
1605 2490 1779 2521 Guilelmo

470 2549 573 2579 saepe
586 2548 691 2579 opera
700 2538 861 2569 Guilelmi
873 2538 1005 2569 Peraldi
1022 2538 1173 2579 episcopi
1185 2537 1429 2578 Lugdunensis
1438 2535 1521 2567 false
1531 2535 1778 2575 attribuuntur;

472 2595 543 2626 quo
570 2594 682 2615 errore
702 2583 835 2627 Wyclif
857 2594 1001 2625 quoque
1028 2590 1147 2625 captus
1173 2593 1249 2615 esse
1275 2583 1421 2622 videtur,
1451 2592 1529 2613 cum
1555 2582 1621 2613 loci
1650 2593 1667 2613 e
1686 2582 1778 2613 Pari-

472 2631 593 2661 siensis
631 2630 725 2661 libris
761 2630 889 2661 laudati
929 2630 1015 2661 inter
1048 2629 1209 2661 Guilelmi
1248 2629 1450 2660 Parisiensis
1488 2639 1593 2670 opera
1636 2629 1779 2660 minime

473 2677 720 2718 repperiantur,
741 2677 774 2708 in
790 2676 952 2708 Guilelmi
968 2676 1102 2707 Peraldi
1120 2686 1204 2707 vero
1222 2681 1366 2706 tractatu
1384 2676 1434 2707 De
1450 2675 1605 2706 Avaricia
1622 2675 1780 2716 legantur

472 2733 605 2754 omnes.
632 2723 727 2754 Idem
745 2729 907 2754 tractatus
925 2723 1015 2765 typis
1041 2731 1224 2764 expressus
1251 2727 1301 2752 est
1319 2722 1353 2752 in
1372 2722 1521 2753 editione
1535 2721 1779 2763 Antwerpiana

473 2768 621 2810 Philippi
649 2769 739 2800 Nutii
772 2768 868 2810 1571,
907 2769 959 2800 cui
993 2769 1193 2810 inscriptum
1228 2773 1294 2798 est:
1335 2768 1506 2800 Summae
1537 2768 1708 2799 virtutum
1735 2776 1780 2799 ac

473 2815 639 2847 vitiorum
660 2815 850 2847 Guilielmo
870 2814 1022 2847 Perizldo
1048 2815 1208 2856 episcopo
1226 2813 1455 2855 Lugdunensi
1479 2813 1556 2846 ord.
1581 2813 1778 2846 Praedica-

474 2866 590 2893 torum
618 2865 774 2893 auctore.
794 2860 835 2892 T.
856 2862 894 2902 ΙΙ,
921 2870 998 2903 pag.
1019 2859 1077 2902 34¹²
1103 2870 1202 2903 seqq.
1230 2859 1363 2891 Locum
1388 2859 1444 2892 hic
1470 2860 1612 2891 citatum
1637 2859 1777 2899 ibidem,

474 2917 551 2950 pag.
578 2904 637 2948 74b
663 2907 807 2938 invenis.
