2002 3359
240 269 412 325 CAP.111.]
750 282 808 313 DE
837 281 1036 313 SIMONIA„
1791 279 1840 326 39

238 402 332 426 nam
385 389 536 426 dictum
590 398 645 424 est
694 388 726 425 ei
776 390 884 437 quod
936 398 1133 436 prestaret
1186 390 1423 438 obsequium
1477 393 1551 428 deo

236 448 472 494 laborando,
506 457 547 483 ut
570 446 799 495 ubicunque
822 446 1017 484 inveniret
1041 447 1270 484 huiusmodi
1293 448 1411 495 viros,
1444 449 1552 487 vinc-

236 515 297 542 tos
330 507 565 554 perduceret
587 506 820 551 Jerusalem,
855 514 891 541 et
914 505 970 541 illi
1004 505 1043 541 in
1067 519 1136 542 ore
1170 507 1387 543 eorundem
1423 520 1552 545 sacer-

237 565 375 600 dotum
408 565 656 600 vocabantur
688 563 868 609 benefici,
909 563 1003 611 quia
1043 563 1125 600 eius
1158 564 1297 612 predia
1331 574 1367 601 et
1399 578 1551 613 posses-

207 622 366 658 5siones
401 622 657 670 ampliarunt.
694 622 884 658 Recolant
916 621 1052 670 itaque
1086 622 1284 659 seculares
1317 623 1469 660 domini
1504 626 1551 661 de

239 680 386 728 duplici
419 680 552 728 penali
591 678 801 716 cecacione
834 679 945 715 Pauli
980 688 1017 716 et
1049 680 1097 716 de
1142 679 1291 728 duplici
1337 681 1419 717 eius
1464 682 1551 718 illu-

240 738 476 781 minacione,
532 750 575 774 ex
622 737 765 785 quibus
817 739 1059 785 sequebatur
1106 747 1187 774 tarn
1241 740 1550 777 conversacione

236 809 356 844 quam
398 795 679 844 predicacione
719 795 899 831 confusio
932 797 1151 832 Judeorum
1197 805 1234 832 et
1278 809 1322 833 ex
1366 798 1550 835 doctrina

236 854 359 891 sancti
392 853 554 902 spiritus
587 853 735 890 faciant
774 853 847 901 ipsi
887 853 1081 891 similiter.
1132 854 1323 891 Recolant
1366 855 1546 904 inquam,
1573 864 1660 892 Falso
1681 865 1837 892 doctrines

182 925 220 945 10
235 914 438 961 quomodo
477 925 567 949 cum
608 920 861 948 sacramento
901 912 1114 949 eukaristie
1148 921 1184 948 et
1216 912 1442 960 penitencie
1475 927 1547 951 nec
1576 908 1646 926 '¹⁰⁸⁸'
1668 901 1834 935 prevalent.

234 984 312 1007 non
373 980 409 1007 et
460 969 584 1006 tercio
643 982 733 1006 cum
795 970 1013 1007 elemosina
1076 970 1310 1018 temporalis
1364 972 1546 1009 beneficii

233 1041 308 1076 que
371 1030 418 1065 de
474 1029 579 1064 facto
637 1036 694 1063 est
750 1027 960 1073 maleficia,
1030 1027 1248 1065 dissolvens
1310 1029 1545 1077 religionem

231 1099 352 1134 quam
399 1086 579 1123 Christus
627 1085 811 1129 instituit,
865 1086 1151 1134 sophisticatus
1198 1087 1374 1124 ecclesia.
1433 1090 1547 1125 Unde

232 1145 355 1181 multe
407 1153 498 1180 sunt
556 1143 810 1180 habitudines
863 1153 991 1180 rotate
1043 1144 1161 1180 hodie
1213 1145 1455 1192 speculative
1506 1147 1546 1183 in

178 1202 399 1239 issmateria
432 1204 480 1238 de
513 1210 766 1238 sacramento
811 1201 961 1244 altaris,
1008 1216 1085 1250 que
1130 1203 1275 1239 docent
1319 1204 1546 1251 prenostice

230 1261 332 1297 hanc
365 1260 631 1308 irreligiosam
673 1259 932 1297 affeccionem
980 1260 1085 1297 circa
1130 1261 1370 1308 temporalia
1416 1262 1545 1299 inesse

229 1318 406 1355 ecclesie.
453 1317 765 1365 Docmatisatur‚
800 1318 980 1366 inquam,
1014 1331 1085 1366 per
1117 1319 1289 1355 cultores
1322 1319 1542 1367 signorum,

228 1378 335 1424 quod
384 1377 614 1424 quicunque
666 1376 869 1423 negaverit
920 1385 1217 1413 sacramentum
1271 1377 1407 1414 altaris
1460 1391 1543 1416 esse

228 1435 412 1471 accidens
436 1434 520 1470 sine
543 1434 733 1479 subiecto,
768 1434 817 1470 sit
840 1443 1034 1483 tanquam
1069 1434 1266 1471 hereticus
1289 1435 1540 1482 iudicandus,

170 1504 211 1525 20
227 1502 264 1529 et
311 1493 365 1529 sic
411 1492 641 1541 quicunque
686 1493 890 1541 negaverit
935 1492 1209 1530 adiacenciam
1255 1494 1541 1542 temporalium

227 1564 316 1587 cum
351 1551 495 1599 quibus
529 1552 690 1587 dotatur
734 1550 900 1588 ecclesia
947 1564 1028 1587 non
1073 1564 1156 1588 esse
1201 1552 1249 1588 de
1289 1552 1541 1600 perfeccione

227 1609 433 1645 essenciali
467 1609 645 1655 ecclesie,
680 1608 805 1646 eciam
840 1618 1024 1646 censetur
1056 1609 1264 1646 hereticus.
1302 1611 1541 1660 Quicunque

225 1667 352 1703 eciam
375 1668 551 1704 secundo
575 1667 778 1715 negaverit
812 1668 961 1704 cultum
996 1667 1189 1713 divinum,
1224 1668 1350 1705 eciam
1380 1669 1539 1706 latriam

224 1738 304 1761 non
344 1738 426 1762 esse
465 1725 728 1762 exhibendam
762 1725 959 1762 accidenti
997 1725 1082 1762 sine
1120 1726 1312 1774 subiecto,
1357 1737 1542 1764 censetur

167 1784 206 1816 25
224 1783 441 1829 hereticus3
476 1792 513 1819 et
546 1785 908 1832 correspondenter
940 1783 1170 1833 quicunque
1193 1785 1397 1832 negaverit
1420 1786 1538 1823 meri-

222 1850 306 1877 tum
331 1841 589 1878 beatitudinis
614 1844 928 1890 correspondere
951 1842 1358 1890 proporcionabiliter
1380 1844 1539 1893 quanti-

187 1935 191 1940 ,
221 1899 293 1936 tati
326 1899 420 1936 boni
453 1900 687 1948 temporalis
721 1900 885 1937 ecclesie
914 1900 1148 1946 adiacentis,
1182 1900 1385 1939 iudicatur
1416 1902 1537 1939 simili

222 1958 342 1994 modo
376 1958 586 1995 hereticus.
640 1959 717 1995 Sed
749 1958 887 2004 tercio,
927 1958 1028 1995 sicut
1060 1958 1311 1996 subtiliantes
1343 1959 1384 1996 in
1416 1959 1537 2009 signis

222 2015 361 2052 relicta
383 2016 581 2064 scriptura
611 2029 701 2053 cum
731 2017 870 2065 priscis
904 2017 1134 2053 doctoribus
1166 2018 1386 2054 fundantur
1418 2031 1537 2067 super

162 2073 333 2110 30novis
378 2074 602 2111 recentibus
648 2075 715 2122 qui
760 2076 905 2112 docma
947 2088 1063 2111 suum
1096 2075 1368 2112 voluntarium
1413 2077 1535 2125 gratis

220 2133 379 2178 docent,
432 2132 486 2168 sic
539 2132 842 2181 magnificantes
890 2133 1145 2170 dotacionem
1197 2134 1343 2171 cesaris
1398 2135 1536 2173 relicta

219 2189 402 2226 doctrina
436 2190 582 2227 Christi
617 2200 653 2227 et
685 2199 844 2238 patrum
878 2191 1078 2240 primitive
1112 2192 1275 2229 ecclesie
1308 2191 1537 2230 innituntur

218 2248 447 2284 auctoritati
472 2249 645 2285 humane
669 2258 706 2285 et
728 2262 831 2297 pape
850 2262 1021 2286 cesareo.
1049 2251 1163 2286 Unde
1183 2250 1411 2288 subtiliores
1431 2251 1536 2289 illius
1561 2259 1710 2287 innocent
1729 2260 1816 2299 Ill-is

217 2306 417 2343 sentencie
433 2306 583 2347 dicunt,
601 2308 707 2355 quod
721 2308 849 2344 solum
866 2307 1227 2345 determinaciones
1242 2310 1470 2346 Innocencii
1486 2312 1534 2346 III
1560 2293 1819 2367 maadussffgffitffffoef

161 2365 200 2398 35
218 2376 308 2400 cum
341 2364 421 2400 suis
455 2365 717 2413 complicibus
751 2366 959 2402 stabiliunt
990 2365 1108 2403 istam
1142 2367 1274 2404 fidem.
1316 2369 1365 2404 Et
1398 2381 1534 2405 revera

289 2495 308 2514 1.
323 2495 353 2514 ιη
373 2489 457 2514 textu
477 2487 546 2520 deo,
566 2489 608 2515 al.
628 2496 666 2516 m.
687 2488 718 2515 in
739 2497 773 2516 eo
794 2489 822 2516 lz.
959 2497 984 2516 2.
1006 2489 1157 2517 invenerit
1176 2498 1215 2523 ας
1240 2489 1279 2517 ib.
1300 2490 1481 2519 huiusmodi
1501 2493 1531 2527 Ιι,

217 2521 306 2548 huius
326 2521 374 2548 vie
393 2522 506 2555 ceteri‚·
525 2523 564 2550 ib.
585 2523 616 2550 in
635 2522 734 2550 Jerus.
755 2531 786 2551 a.
842 2522 867 2551 3.
909 2532 945 2551 ro
966 2524 996 2552 in
1018 2533 1087 2552 ore:
1109 2533 1197 2552 more
1216 2525 1245 2552 Ιι.
1301 2533 1332 2559 4.
1353 2525 1406 2560 qui
1426 2528 1531 2555 ceteri.

215 2556 238 2584 5.
260 2556 444 2595 ampliarent
465 2557 568 2585 ceteri.
626 2559 653 2586 6.
676 2558 837 2586 cecacione
851 2567 915 2586 cez.
937 2559 1062 2586 cecitate
1075 2560 1179 2587 ceteri.
1237 2568 1263 2595 7.
1285 2560 1490 2589 conversione
1510 2562 1530 2590 i.

216 2598 244 2625 9.
264 2591 381 2618 faciunt
399 2591 466 2627 bsg.
540 2600 574 2619 11.
597 2592 798 2620 beneficencie
817 2594 921 2627 ceteri,
943 2594 1149 2622 maleficencia
1169 2594 1276 2622 ceteri.
1350 2603 1392 2629 14.
1414 2595 1531 2624 infinite

212 2633 273 2663 pro
299 2626 393 2653 multe
419 2626 448 2658 i,·
473 2626 513 2654 ib.
541 2628 655 2662 specul.
682 2628 723 2654 al.
752 2636 788 2655 m.
816 2636 846 2659 α,
872 2636 929 2655 om,
947 2628 1007 2665 fg.
1117 2629 1157 2656 16.
1186 2629 1362 2664 religiosam
1389 2638 1445 2664 αξ,
1469 2639 1530 2667 pro

215 2667 311 2687 Clrca:
339 2665 444 2688 contra
471 2661 499 2693 h,
527 2662 627 2689 medie
652 2670 710 2696 pro
736 2662 837 2690 inesse
863 2665 967 2691 ceteri.
1100 2671 1143 2697 22,
1170 2663 1213 2691 23.
1243 2663 1340 2692 eciam
1368 2666 1448 2700 quic.
1475 2674 1529 2702 ag.

214 2702 262 2726 24-
289 2703 324 2721 ex
351 2695 381 2725 Ιι,
407 2703 490 2722 corr.
512 2703 550 2723 ex
574 2696 611 2723 ad
632 2697 661 2728 d,
686 2697 789 2724 adhib.
817 2698 921 2726 ceteri.
1045 2698 1093 2726 26.
1121 2699 1151 2726 in
1178 2701 1263 2726 textu
1289 2699 1528 2735 racionabiliter,

214 2729 256 2756 al.
277 2737 314 2756 m.
338 2737 481 2769 proporc.
502 2738 532 2758 a.
640 2739 686 2767 29.
709 2739 772 2767 pro
793 2733 921 2767 priscis:
950 2733 1093 2768 perfectis
1112 2733 1185 2769 afg,
1212 2742 1266 2768 pre
1287 2734 1401 2763 sanctis
1421 2744 1473 2768 ce‚·
1498 2736 1530 2763 in

213 2766 298 2792 textu
314 2764 467 2798 perfectis,
486 2765 528 2792 al.
543 2773 581 2792 m.
597 2765 708 2801 priscis
721 2766 751 2798 d,
772 2767 887 2795 sanctis
901 2769 1014 2803 ceteri,·
1033 2769 1063 2796 in
1079 2768 1191 2804 priscis
1205 2769 1235 2796 Ιι.
1292 2767 1330 2796 3ι.
1346 2774 1374 2797 et
1389 2770 1492 2798 relicta
1507 2771 1527 2798 ι’.

214 2797 256 2826 32.
279 2799 399 2837 patroni
420 2800 524 2827 ceteri.
649 2799 692 2828 33.
713 2801 804 2830 istius
825 2803 928 2830 ceteri.
1036 2802 1078 2831 35.
1100 2803 1223 2838 reliquit
1238 2811 1300 2839 pro
1322 2813 1426 2832 revera
1446 2805 1529 2842 baffi&

214 2841 298 2861 corr.
318 2841 350 2861 in
370 2842 476 2862 revera
494 2835 546 2862 ad.

288 2915 315 2936 1.
340 2906 416 2937 Act.
440 2915 473 2949 9,
500 2915 531 2938 2.
