2002 3359
174 950 209 970 10

172 1229 207 1262 15

167 1531 204 1551 20

164 1812 202 1843 25

229 304 316 332 CAP.
338 294 406 351 iv]
746 308 804 339 nr,
832 308 1030 339 SIMONIA.
1784 313 1837 349 49

228 428 347 464 quam
388 415 495 450 dedit
534 415 738 462 apostolus
776 415 1043 462 Thymotheo,
1079 427 1199 463 quam
1235 414 1331 450 alias
1366 415 1541 463 exposui.

227 482 364 521 peccat
397 473 569 521 graviter
601 482 740 509 contra
765 472 981 509 Christum.
1014 473 1182 510 Videtur
1215 472 1336 509 michi
1369 474 1545 510 secundo

227 533 333 579 quod
358 531 425 579 qui
449 531 612 567 dimittit
635 532 761 578 legem
787 539 823 566 et
845 531 994 578 scripta
1015 540 1244 567 sanctorum
1268 532 1545 580 apostolorum

228 599 265 625 et
296 591 355 625 vel
388 589 481 626 facit
514 590 572 625 vel
606 591 736 625 studet
776 588 1019 625 tradiciones
1059 590 1247 635 novellas,
1295 590 1544 637 contempnit

227 648 428 695 apostolos
462 655 498 683 et
531 647 586 683 sic
619 647 836 692 Christum,
876 646 970 694 quia
1002 647 1066 682 ille
1100 648 1187 694 plus
1221 647 1400 695 diligitur
1434 647 1545 683 cuius

227 705 400 742 sciencia
433 713 475 741 ut
507 717 578 740 sua
611 713 667 740 est
701 705 842 741 carior.
878 706 926 740 Et
949 704 1073 741 tercio
1104 704 1259 741 videtur
1293 705 1413 741 michi
1438 707 1545 753 quod

227 764 402 811 prelatus
431 776 511 798 non
534 762 666 799 vivens
682 763 803 799 vitam
828 763 1116 810 apostolorum,
1142 764 1210 799 sed
1234 763 1370 809 seculi,
1394 763 1545 811 spernit

227 822 428 869 apostolos
474 829 509 857 et
555 820 609 856 sic
650 821 866 866 Christum,
909 820 1003 869 quia
1047 821 1230 869 preeligit
1275 834 1404 857 mores
1450 821 1544 869 ipsis

227 879 462 924 contrarios,
498 879 605 926 quod
640 887 696 914 est
731 892 897 926 magnus
932 888 1197 927 contemptus.

284 938 360 973 Sed
394 937 566 973 obicitur
599 950 668 984 per
692 938 778 981 hoc,
814 938 921 984 quod
951 936 1058 973 iuxta
1089 938 1191 974 hanc
1214 937 1317 973 viam
1344 945 1544 973 cessarent
1576 942 1655 968 Two
1676 943 1767 981 kinds
1787 946 1817 971 ot

224 1008 363 1031 omnes
395 995 499 1042 leges
534 994 697 1031 ecclesie
737 996 784 1031 de
825 994 1105 1041 eleccionibus,
1146 1008 1285 1032 omnes
1325 977 1787 1040 61666101165Οῃεεὲᾚςιξὲξῑξῃ
1804 1017 1833 1040 10

225 1053 370 1099 cix-iles,
425 1063 461 1089 et
514 1066 583 1101 per
636 1066 883 1101 consequens
942 1062 1143 1090 cessarent
1201 1066 1340 1090 omnes
1401 1053 1543 1101 privati
1584 1046 1813 1115 “i'Jssssittsij'tssssssd

224 1111 384 1147 ordines
438 1120 474 1147 et
527 1111 832 1147 observaciones
890 1111 1129 1158 studiorum,
1191 1124 1280 1148 curn
1335 1125 1415 1147 non
1468 1111 1543 1147 nisi
1569 1115 1824 1151 prvdestinatibn,

225 1170 489 1206 eleccionibus
529 1169 602 1206 rite
641 1178 801 1206 starent.
843 1169 917 1205 Hic
961 1169 1107 1206 dicitur
1151 1170 1258 1218 quod
1303 1171 1446 1217 duplex
1487 1178 1543 1206 est

226 1228 372 1264 eleccio
420 1229 468 1264 ad
517 1227 782 1276 propositum,
829 1227 979 1263 scilicet
1025 1227 1188 1264 adhesio
1234 1240 1304 1276 per
1349 1240 1389 1264 se
1435 1229 1542 1264 bono

224 1287 444 1322 secundum
484 1286 746 1334 proheresim,
787 1294 824 1321 et
862 1285 951 1322 talis
991 1286 1138 1322 eleccio
1176 1286 1314 1322 fuisset
1358 1286 1398 1322 in
1437 1295 1541 1322 statu

224 1343 458 1381 innocencie
497 1353 533 1380 et
573 1344 749 1380 manebit
788 1356 945 1391 semper
986 1344 1025 1379 in
1070 1344 1213 1392 patria,
1261 1344 1431 1393 qualiter
1476 1344 1543 1380 611-

224 1412 371 1449 guntur
393 1404 441 1438 ab
466 1402 628 1439 homine
651 1404 759 1447 deus,
794 1402 916 1438 virtus
947 1411 984 1438 et
1013 1402 1160 1450 gracia.
1195 1405 1243 1438 Et
1267 1404 1316 1438 ad
1340 1403 1542 1439 celebran-

223 1462 318 1496 dum
343 1462 445 1498 hanc
469 1460 711 1498 eleccionem
728 1473 798 1508 per
813 1472 853 1496 se
868 1461 970 1497 valet
992 1461 1217 1509 peroptime
1240 1461 1301 1497 lex
1324 1460 1539 1509 scripture;

222 1518 262 1554 in
279 1519 352 1555 hac
376 1519 480 1555 enim
506 1519 705 1555 eleccione
729 1528 785 1555 est
807 1527 920 1555 tanta
943 1518 1152 1565 certitudo,
1176 1520 1283 1567 quod
1307 1518 1541 1567 inpossibile

226 1586 282 1613 est
317 1578 529 1613 electorem
563 1577 603 1613 in
635 1577 710 1613 isto
744 1576 924 1614 deficere.
960 1578 1144 1614 Secunda
1176 1590 1269 1614 vero
1304 1577 1450 1613 eleccio
1484 1585 1540 1613 est
1588 1588 1637 1615 the
1657 1589 1745 1617 other
1766 1590 1794 1617 111

221 1644 403 1683 respectu
451 1649 521 1684 per
565 1635 750 1672 accidens
796 1635 890 1671 boni
929 1635 1135 1672 moraliter
1185 1644 1222 1671 et
1273 1644 1330 1672 est
1380 1625 1830 1695 dllplexracci'iicgriiiiiggod,

220 1693 369 1730 scilicet
419 1693 585 1742 provida
635 1703 671 1729 et
721 1693 951 1741 inprovida3
997 1694 1164 1742 provida
1207 1694 1368 1742 quando
1418 1695 1537 1730 homo
1555 1693 1829 1756 bff'¹‡³-¹f3-ij,¹¹³t²¹5'.

220 1760 402 1799 respectu
427 1752 548 1788 medii
581 1753 630 1788 ad
664 1751 978 1797 beatidudinem⁷
1012 1752 1241 1789 intencione
1272 1764 1351 1800 qua
1374 1753 1537 1788 duceret
1575 1737 1822 1798 i11i1ii3cii·i„ii·¹11t.ffl

221 1811 268 1845 ad
294 1810 416 1856 illam,
450 1811 670 1847 secundum
704 1811 822 1846 deum
858 1810 965 1858 eligit
997 1819 1153 1858 partem
1177 1810 1251 1846 sibi
1273 1810 1535 1859 probabilem.

220 1867 284 1904 Sic
343 1868 449 1904 enim
500 1868 761 1917 predestinati
818 1867 1080 1916 impelluntur
1125 1868 1250 1906 eciam
1301 1868 1341 1905 in
1386 1868 1537 1905 neutris

218 1926 405 1974 operibus
448 1926 590 1975 spiritu
635 1927 711 1973 dei,
757 1935 950 1974 tanquam
996 1927 1106 1964 navis
1146 1927 1186 1963 in
1224 1927 1381 1975 pellago
1427 1936 1536 1963 mota

219 1993 347 2022 vento.
393 1986 507 2021 Unde
542 1987 652 2021 Rom.
689 1986 710 2021 8
746 1984 910 2021 dicitur:
960 1985 1215 2033 ‘Quicunque
1254 1985 1359 2022 enirn
1393 1985 1534 2033 spiritu

218 2042 279 2078 dei
314 2052 499 2090 aguntur,
545 2034 600 2079 hii
633 2042 703 2079 filii
736 2043 799 2079 dei
832 2043 951 2089 suns,
997 2044 1072 2080 hoc
1112 2052 1186 2080 est:
1233 2043 1301 2092 qui
1334 2044 1536 2080 ducuntur

217 2113 287 2148 per
319 2100 423 2137 riam
465 2102 515 2137 ad
554 2113 668 2137 suam
714 2101 1018 2141 beatitudinem,
1064 2103 1112 2138 Et
1144 2101 1183 2137 in
1217 2101 1292 2137 isto
1325 2101 1365 2137 in
1400 2101 1534 2138 multis

215 2159 402 2206 operibus
441 2168 599 2208 oportet
638 2172 721 2196 esse
754 2168 911 2196 tantum
945 2159 1156 2196 consilium
1190 2159 1352 2208 spiritus
1391 2159 1532 2202 saneti,

216 2218 322 2265 quod
356 2217 482 2254 sancti
506 2218 751 2267 quandoque
780 2218 985 2265 deficiunt,
1019 2227 1061 2254 ut
1084 2227 1193 2266 patet
1216 2219 1263 2254 de
1288 2217 1534 2254 dissensione

215 2274 317 2311 inter
358 2276 525 2312 Paulum
572 2285 610 2312 et
653 2277 879 2313 Bai-naham
912 2278 997 2313 Act.
1030 2277 1090 2315 15.
1136 2277 1228 2313 Ideo
1271 2289 1431 2313 necesse
1476 2285 1534 2313 est

214 2332 407 2370 viatorem
448 2346 540 2382 sepe
572 2347 688 2371 orare
722 2336 839 2371 deum
873 2348 945 2383 pro
979 2343 1087 2371 recto
1120 2335 1268 2371 ducatu
1300 2334 1341 2371 in
1373 2334 1531 2381 talibus,

285 2476 304 2495 1.
326 2468 399 2496 dicit
417 2477 475 2504 pro
496 2469 581 2497 dedit
600 2469 643 2504 hc,
664 2470 823 2505 apostolus
845 2478 902 2496 om.
924 2470 979 2503 bai.
1064 2477 1088 2496 2.
1111 2469 1192 2497 enim
1209 2477 1271 2505 pro
1292 2469 1385 2496 michi
1405 2469 1530 2505 abcefg.

214 2511 244 2535 4.
265 2507 293 2529 et
313 2503 384 2530 facit
404 2503 424 2530 i.
481 2504 505 2531 5.
528 2504 571 2531 sic
584 2505 624 2532 al.
640 2513 677 2531 m.
693 2513 723 2535 11,
738 2513 794 2532 om⁴
813 2505 877 2540 cjfg.
935 2506 962 2532 6.
985 2509 1016 2532 ut
1037 2505 1192 2532 sentencia
1213 2505 1241 2531 Ιι.
1299 2513 1326 2539 7.
1348 2504 1410 2531 vita
1425 2503 1530 2531 ceteri.

215 2544 243 2572 9.
259 2538 317 2575 ‚qui
338 2538 474 2571 c0d1'ces,·
493 2539 591 2574 ipsius
612 2540 786 2566 contrarius
809 2542 827 2566 1,
913 2548 952 2567 10.
977 2539 1077 2575 primo
1100 2547 1153 2575 pei·
1173 2547 1198 2570 e,
1218 2543 1325 2566 contra
1346 2539 1404 2566 hoc
1425 2539 1528 2572 ceteri,

214 2579 286 2605 quia
306 2573 390 2599 iuxta
410 2573 430 2604 i,
455 2573 538 2600 iuxta
560 2574 637 2601 hanc
658 2574 730 2606 celz;
757 2575 848 2601 istam
875 2575 980 2602 ceteri.
1090 2583 1131 2608 14.
1161 2574 1216 2601 rite
1237 2574 1299 2605 cell,
1326 2577 1405 2601 recte
1425 2575 1529 2601 ceteri.

214 2606 250 2633 15.
269 2607 349 2633 bono
365 2608 412 2638 elz,
430 2608 509 2635 bona
524 2608 606 2645 bqu,
622 2611 702 2636 bono
718 2617 775 2636 om.
791 2609 894 2636 ceteri.
954 2610 994 2636 16.
1011 2609 1203 2644 proheresim
1219 2617 1272 2645 ag,
1289 2608 1409 2643 perher.
1425 2608 1529 2635 celeri.

214 2649 252 2674 17,
281 2642 320 2668 18.
371 2642 478 2669 naliter
503 2659 534 2662 -
563 2643 646 2671 hom.
678 2644 718 2670 al.
750 2652 787 2671 m.
814 2652 853 2676 α;
885 2644 923 2671 ib.
954 2645 983 2671 in
1016 2645 1114 2679 patria
1138 2652 1200 2679 pro
1231 2645 1267 2670 ab
1299 2643 1424 2670 homine
1445 2643 1527 2678 fglz.

213 2676 253 2703 18.
275 2680 303 2703 et
329 2684 344 2702 a
392 2677 457 2711 eelz,
477 2681 505 2704 ct
525 2685 583 2705 om.
599 2678 701 2705 ceteri.
775 2686 815 2706 21.
831 2687 903 2706 vero
924 2679 941 2705 11
962 2679 1068 2706 solum.
1142 2679 1189 2706 26.
1211 2683 1239 2705 et
1258 2678 1289 2705 in
1310 2678 1412 2713 bcqu,
1432 2678 1528 2705 eciam

212 2718 294 2737 corr.
316 2719 354 2738 ex
374 2715 401 2737 et
416 2719 434 2738 11
446 2721 456 2743 ,·
476 2711 513 2739 ib.
535 2712 565 2739 in
581 2713 692 2740 mentis
707 2721 732 2740 e.
789 2721 832 2747 27.
849 2714 977 2748 spiritus
992 2722 1074 2741 corr.
1090 2721 1128 2740 ex
1142 2713 1253 2748 spiritu
1268 2721 1297 2740 a.
1321 2713 1448 2748 spiritus
1463 2712 1526 2739 dlii.

211 2746 256 2773 25.
279 2745 359 2772 enim
387 2747 427 2773 al.
455 2754 492 2773 m.
514 2754 556 2781 a„
583 2755 641 2774 om.
667 2756 698 2784 g.
790 2747 837 2775 30.
864 2757 919 2782 per
944 2748 1025 2775 viam
1053 2749 1090 2775 ad
1117 2756 1204 2775 suam
1226 2748 1308 2787 eries,
1335 2756 1416 2775 corr.
1438 2747 1468 2774 in
1489 2747 1526 2774 ad

210 2789 243 2842 {3
273 2788 382 2842 {eri-s.
415 2788 455 2842 αᾸ
477 2789 537 2842 tper
568 2782 649 2809 viam
682 2782 719 2809 ad
752 2790 806 2810 5116
837 2785 878 2810 al.
911 2791 948 2810 m.
982 2791 1069 2810 suam
1103 2783 1208 2817 ceteri,
1242 2783 1320 2809 idem
1351 2783 1393 2810 al.
1426 2791 1463 2810 m.
1497 2783 1526 2809 Ιι.

248 2835 254 2841 .
303 2823 408 2842 011663
459 2823 557 2843 6.12.

286 2897 312 2918 1.
360 2897 368 2918 1
406 2887 523 2919 Thim.
563 2888 592 2927 3,
632 2898 648 2919 2
689 2898 799 2931 seqq„
839 2889 880 2920 cf.
919 2900 1034 2930 supra.
1168 2888 1221 2921 28.
1260 2889 1362 2920 Rom.
1401 2888 1432 2929 8,
1478 2899 1526 2929 14.

213 2934 265 2966 3¹3.
293 2935 366 2965 Act.
399 2933 448 2973 15,
477 2933 530 2966 56.

1365 3005 1387 3034 4
