2002 3359
134 320 185 357 42

859 317 1082 349 ,IOHANNIS
1108 316 1291 348 WYCLIF
1560 298 1667 355 [cAr.
1682 307 1734 336 ιν.

134 433 199 462 The
221 433 299 460 flock
319 434 409 460 know
425 429 521 463 Item
546 426 613 463 illa
636 439 818 474 persona,
836 438 911 473 que
936 437 977 460 ex
1002 422 1241 460 evidenciori
1263 421 1424 465 noticia,
1447 433 1490 457 ex
1510 419 1734 469 specialiori

157 469 223 495 best
244 468 315 495 who
337 476 391 494 can

180 511 266 530 serve
287 503 365 530 their

217 543 325 564 wants.

425 484 655 531 elemosina,
673 494 709 521 et
725 497 767 520 ex
784 484 977 520 sumenda
992 481 1223 531 preciosiori
1247 479 1445 516 medicina
1469 480 1586 515 habet
1610 477 1736 526 magis

424 543 624 583 interesse,
687 543 802 578 debet
854 540 1044 578 eleccioni
1096 539 1165 576 tali
1223 539 1484 587 approbando
1536 536 1736 581 assistere,

425 600 653 637 huiusmodi
675 613 755 636 non
778 609 834 636 est
858 612 962 647 papa
980 611 1058 647 quo
1082 600 1131 635 ad
1155 606 1382 634 contractus
1405 595 1477 631 sibi
1501 593 1737 642 incognitos,

425 661 491 695 sed
525 659 696 706 populus
730 658 983 706 regulandus,
1024 669 1116 704 ergo
1150 655 1295 692 eleccio
1334 654 1423 690 talis
1456 665 1559 701 pape
1592 661 1648 688 est
1681 651 1738 687 in-

424 717 638 765 pertinens.
675 717 902 762 Quomodo,
937 727 1075 763 queSO,
1108 727 1212 762 papa
1246 711 1449 760 cognoscit
1474 713 1521 747 de
1547 709 1738 755 moribus,

426 787 500 823 que
534 787 705 822 persona
737 774 786 810 sit
820 773 1002 814 habilior,
1043 782 1085 808 ut
1118 772 1186 809 tali
1220 771 1325 819 genti
1358 769 1480 818 presit
1513 768 1738 816 episcopus,

425 842 493 870 aut
525 834 729 880 quomodo
762 845 866 880 papa
898 840 1011 879 coget
1043 832 1199 878 laycum
1227 831 1319 866 dare
1343 827 1601 864 elemosinam
1625 838 1738 862 suam

425 903 605 939 persone,
653 904 773 938 quam
807 890 931 926 credit
965 888 1195 933 inhabilem,
1240 888 1299 923 vel
1333 886 1537 935 quomodo
1576 892 1740 931 cogetur

426 949 605 997 accipere
639 948 887 996 spiritualem
922 947 1159 983 medicinam
1196 946 1235 981 in
1266 958 1344 993 qua
1378 945 1492 980 debet
1522 955 1604 978 esse
1634 942 1738 978 salus

425 1016 618 1055 perpetua
647 1016 727 1042 tarn
753 1005 931 1053 corporis
964 1018 1084 1053 quam
1119 1004 1263 1048 anime,
1297 1004 1345 1039 ab
1369 1002 1437 1038 illo
1458 1001 1595 1049 ydiota
1619 1012 1735 1047 quem

427 1065 551 1101 credit
584 1064 822 1105 inhabilem:
857 1065 965 1111 quod
999 1063 1030 1099 si
1063 1064 1203 1099 absens
1236 1061 1336 1097 desit
1369 1060 1408 1096 in
1440 1059 1524 1095 istis
1548 1057 1642 1106 quid
1665 1057 1738 1093 sihi

427 1125 474 1159 de
515 1122 730 1159 fructibus?
775 1124 821 1157 Et
855 1122 929 1157 ista
967 1121 1123 1157 videtur
1167 1118 1369 1156 sentencia
1406 1116 1510 1153 beati
1549 1115 1739 1152 Jeronimi

427 1193 545 1228 super
570 1180 787 1216 Leviticum
813 1189 849 1215 et
878 1179 1040 1227 ponitur
1064 1178 1085 1214 8
1111 1177 1317 1226 questione
1348 1190 1378 1212 1:
1413 1175 1562 1220 ‘Licet,'
1598 1173 1739 1221 inquit,

429 1238 629 1275 ‘dominus
645 1239 741 1274 deus
758 1239 805 1273 de
829 1237 1107 1274 constituendo
1130 1235 1369 1284 precepisset
1389 1232 1624 1281 principem,
1649 1231 1740 1266 licet

429 1297 552 1333 eciam
578 1296 764 1332 dominus
788 1295 968 1343 elegisset
992 1307 1096 1336 eum,
1121 1302 1363 1330 convocatur
1387 1291 1511 1327 eciam
1537 1290 1738 1337 sinagoga.

429 1354 659 1402 Requiritur
674 1367 767 1401 ergo
783 1353 822 1389 in
845 1353 1069 1389 ordinando
1093 1353 1340 1388 sacerdotem
1357 1349 1482 1386 eciam
1498 1347 1635 1396 populi
1654 1359 1741 1394 pre-

429 1413 573 1452 sencia,
598 1422 641 1449 ut
663 1412 789 1449 sciant
812 1424 950 1448 omnes
973 1420 1010 1447 et
1033 1409 1127 1446 certi
1153 1410 1262 1453 fiant,
1287 1408 1380 1456 quia
1404 1407 1471 1455 qui
1492 1404 1742 1454 prestancior

429 1480 485 1507 est
509 1483 552 1507 ex
575 1470 684 1506 omni
706 1470 871 1518 populo,
905 1468 971 1517 qui
997 1468 1169 1514 doccior,
1204 1457 1271 1515 qui
1296 1465 1488 1511 sanccior,
1523 1464 1590 1512 qui
1614 1463 1739 1499 eciam

429 1529 469 1565 in
492 1529 600 1564 omni
623 1528 767 1564 virtute
790 1527 1046 1570 eminencior,
1080 1526 1145 1562 ille
1168 1525 1337 1573 eligatur
1369 1525 1418 1561 ad
1451 1521 1739 1565 sacerdocium,

430 1596 466 1622 et
483 1588 556 1623 hoc
572 1595 784 1623 attestante
805 1586 968 1633 populo,
992 1597 1040 1621 ne
1065 1592 1204 1620 contra
1226 1583 1483 1632 postmodum
1505 1578 1740 1616 retractacio

428 1646 488 1681 vel
504 1645 713 1692 scrupulus
730 1644 931 1680 resideret.
949 1644 1034 1679 Hoc
1050 1651 1107 1678 est
1122 1650 1254 1678 autern
1271 1641 1378 1689 quod
1395 1641 1520 1675 eciam
1537 1637 1741 1686 apostolus

429 1702 597 1750 precipit
620 1702 660 1738 in
682 1701 940 1738 ordinacione
963 1699 1180 1737 sacerdotis
1204 1699 1356 1735 dicens:
1388 1699 1584 1745 “Oportet
1608 1704 1739 1732 autem

428 1761 539 1796 illum
556 1760 830 1796 testimonium
846 1760 991 1795 habere
1007 1760 1155 1794 bonum
1171 1759 1220 1793 ab
1236 1756 1310 1793 hiis
1327 1755 1393 1804 qui
1405 1755 1498 1791 foris
1513 1754 1645 1790 sunt''.
1658 1755 1740 1800 Ego

429 1828 563 1855 tamen
603 1827 639 1854 et
678 1817 850 1866 amplius
894 1816 1045 1865 aliquid
1088 1815 1202 1851 video
1246 1814 1286 1850 in
1330 1826 1376 1850 eo
1421 1814 1529 1861 quod
1576 1811 1740 1847 dicitur:
1781 1810 1793 1842 ἶ

430 1876 552 1924 “quia
584 1878 739 1924 Moyses
772 1874 1004 1912 convocavit
1026 1886 1186 1910 omnem
1219 1884 1477 1920 synagogam,
1510 1879 1553 1906 ut
1586 1871 1660 1905 hoc
1692 1868 1742 1904 sit

430 1934 600 1982 coligere
645 1946 783 1970 omnes
827 1933 950 1970 animi
994 1932 1108 1978 vires,
1154 1940 1191 1967 et
1235 1931 1275 1966 in
1324 1942 1448 1966 unum
1500 1939 1741 1975 congregare

429 1992 605 2032 virtutes,
650 2000 693 2028 ut
726 2004 815 2028 cum
849 2003 981 2027 sermo
1014 1991 1060 2026 de
1093 1988 1366 2026 sacerdotibus
1406 1996 1443 2023 et
1481 1984 1742 2023 sacramentis

430 2051 611 2096 hahetur,
643 2050 805 2097 vigilent
846 2061 984 2085 omnes
1024 2047 1146 2084 animi
1185 2047 1348 2083 virtutes
1387 2054 1424 2081 et
1462 2044 1610 2080 intente
1650 2042 1740 2087 sint,

429 2108 551 2144 nichil
580 2107 620 2144 in
658 2108 712 2144 eis
751 2106 964 2155 sapiencie,
1003 2105 1126 2142 nichil
1164 2104 1347 2150 sciencie,
1387 2102 1510 2139 nichil
1548 2100 1773 2138 industrie?

430 2166 542 2212 desit,
582 2167 651 2202 sed
683 2165 779 2202 assit
811 2164 942 2201 omnis
982 2163 1197 2200 multitudo
1236 2174 1438 2206 sensuum,
1484 2159 1578 2196 assit
1610 2158 1740 2195 omnis

430 2223 691 2272 congregacio
714 2236 919 2260 sacrarum
944 2221 1253 2270 cogitacionum,
1287 2228 1329 2256 ut
1353 2219 1448 2267 quid
1471 2218 1520 2254 sit
1551 2216 1739 2265 pontifex,

501 2412 520 2431 ι.
547 2404 578 2431 in
598 2406 680 2431 textu
701 2401 885 2438 specialiori,
904 2402 946 2429 al.
968 2409 1005 2428 m.
1028 2399 1226 2434 spiritualiori
1248 2407 1288 2432 a‚·
1314 2398 1513 2434 spiritualiori
1536 2397 1555 2424 i.
1647 2395 1671 2424 3.
1695 2404 1739 2423 sc-

430 2439 564 2466 cundum
590 2446 647 2473 pro
675 2437 773 2469 debet,
799 2437 981 2464 eleccionem
1009 2435 1108 2462 taliter
1133 2434 1236 2466 ceteri,
1269 2434 1357 2461 elecc.
1391 2431 1569 2460 huiusmodi
1602 2432 1651 2458 tal.
1684 2438 1739 2466 ag.

430 2472 662 2509 appropriando
688 2472 760 2507 asfg,
787 2470 1020 2507 appropriando
1047 2469 1121 2497 alias
1149 2467 1352 2504 approbando
1379 2467 1404 2495 b.
1430 2467 1530 2494 assist.
1556 2467 1597 2493 al.
1626 2474 1662 2492 m.
1690 2465 1741 2493 ad.

430 2517 488 2535 om.
509 2508 590 2544 cefff.
691 2517 720 2540 4.
742 2510 897 2534 contratas
918 2505 974 2532 sibi
996 2504 1168 2539 incognitas
1187 2504 1216 2530 h.
1314 2502 1338 2529 5.
1360 2501 1417 2529 sibi
1439 2506 1483 2528 est
1504 2501 1578 2535 inp.,
1601 2509 1678 2535 pape
1698 2500 1739 2526 αἱ.

430 2552 467 2570 m.
488 2551 517 2569 (1.
540 2542 596 2570 sibi
618 2547 663 2569 est
683 2541 746 2576 inp.
767 2550 807 2578 g,·
835 2548 912 2575 pape
931 2541 973 2567 al.
994 2547 1021 2566 m
1052 2539 1079 2565 h.
1172 2546 1208 2565 12.
1231 2537 1360 2564 credidit
1380 2534 1442 2568 brif.
1536 2534 1572 2562 13.
1594 2536 1630 2563 dc
1651 2535 1739 2562 fruct.

431 2586 486 2604 mn.
510 2577 621 2612 bc<fg;
646 2581 674 2603 et
692 2576 781 2604 fruct.
803 2575 908 2602 ceteri.
1011 2573 1045 2600 ιδ.
1067 2573 1104 2600 de
1125 2573 1143 2599 lz
1162 2575 1259 2599 solum
1279 2571 1419 2603 exhibet,·
1445 2570 1475 2597 in
1496 2573 1581 2597 textu
1602 2569 1738 2600 sciendO,

430 2613 471 2639 al.
493 2620 529 2639 m.
551 2610 767 2638 constituendo
787 2610 847 2640 aa';
867 2608 992 2636 sciendo
1013 2606 1114 2644 hcefg.
1200 2615 1238 2640 17.
1261 2605 1417 2633 sacerdote
1437 2605 1536 2639 hedes.
1623 2604 1661 2631 18.
1681 2611 1740 2639 pro

431 2647 518 2673 fiant:
547 2646 607 2673 sint
627 2646 731 2676 ceteri,
751 2644 801 2679 qui
823 2652 880 2671 om.
902 2643 1025 2678 hedefg.
1133 2649 1172 2669 21.
1200 2645 1359 2668 attestante
1387 2640 1458 2675 lvglz,
1488 2643 1606 2666 astante
1626 2638 1739 2670 ceteri;

431 2685 536 2708 contra
556 2680 648 2716 aegh,
669 2688 728 2715 qua
748 2687 830 2707 corr.
852 2679 882 2706 in
903 2682 1009 2706 contra
1028 2677 1058 2710 d,
1079 2684 1139 2711 qna
1158 2675 1270 2708 ceteri‚·
1290 2675 1328 2702 ib.
1351 2674 1530 2701 retractacio
1551 2674 1571 2704 i,
1594 2672 1741 2700 retraccio

430 2715 534 2743 ceteri.
654 2722 697 2741 22.
718 2714 799 2749 quod
821 2718 849 2740 ct
869 2713 971 2740 celeri.
1096 2710 1138 2738 23.
1161 2709 1296 2745 precepit
1315 2717 1345 2736 α.
1471 2709 1518 2736 26.
1541 2712 1690 2735 convocat
1710 2715 1739 2734 a.

431 2750 476 2778 28.
498 2749 711 2777 sacerdotibus
732 2753 759 2776 et
780 2746 982 2775 sacramentis
1003 2745 1066 2776 cell,
1086 2744 1246 2772 sacrandis
1266 2743 1370 2772 ceteri.
1449 2751 1497 2778 29.
1518 2747 1551 2770 ut
1570 2741 1663 2770 nichil
1684 2750 1740 2774 ag.

431 2784 477 2813 30.
494 2791 555 2820 pro
577 2783 707 2810 sciencie
726 2783 851 2810 ecclesie
870 2782 974 2815 ceteri,
996 2781 1041 2808 vel
1062 2779 1213 2808 industrie
1232 2787 1284 2815 ag.
1375 2777 1418 2806 32.
1441 2782 1616 2805 sanctarum
1637 2776 1740 2804 ceteri.

507 2900 557 2928 14·
590 2888 674 2920 lbid.
702 2899 727 2919 c.
760 2887 809 2919 15.
952 2886 1003 2918 23.
1037 2885 1060 2916 Ῐ.
1086 2885 1177 2916 Tim.
1206 2885 1235 2919 3,
1262 2894 1292 2925 7.
1436 2882 1489 2915 25.
1524 2884 1624 2916 Num.
1651 2881 1683 2923 8,
1709 2892 1742 2924 9.

434 2935 488 2968 26.
515 2935 697 2967 Tractatus
722 2934 774 2966 De
799 2934 904 2975 Papa.
931 2932 984 2964 Cs.
1009 2931 1192 2963 Addenda.

1759 953 1797 973 10

1761 1232 1796 1264 15
