2002 3359
263 254 352 282 CAP.
374 241 471 300 vni]
788 257 845 288 DE
874 257 1073 288 SIMONIA.

263 373 301 400 et
325 364 480 399 defectu
505 362 716 398 iuvaminis
745 376 823 411 quo
847 362 1110 410 spiritualiter
1137 362 1288 398 iux-aret
1317 374 1409 397 suos
1437 374 1581 409 prepo-

263 422 373 465 sitos,
404 420 479 457 ista
503 420 608 456 enim
634 429 724 456 sunt
749 422 828 457 duo
852 421 1013 456 subtilia
1037 432 1182 468 genera
1203 432 1423 456 consensus
1440 420 1581 467 damp-

263 479 420 516 nabilis.
456 479 494 514 Si
530 479 634 514 enim
669 478 887 526 unicuique
933 478 1138 514 mandavit
1173 480 1268 514 deus
1302 480 1349 513 de
1383 477 1578 525 proximo,

264 551 398 574 servus
418 537 480 574 cui
505 539 602 573 deus
626 536 735 572 dedit
758 537 952 572 talentum
978 536 1140 575 noticie,
1177 537 1293 572 debet
1317 535 1579 582 correpcione

231 600 245 630 5
264 596 399 632 iuvare
418 609 532 631 suum
550 595 812 643 prepositum,
831 607 920 630 cum
943 596 1129 641 ungendo
1146 606 1234 629 eum
1252 594 1340 629 oleo
1358 593 1580 641 peccatoris

265 664 300 690 et
326 655 575 690 comedendo
600 666 689 689 cum
716 665 761 689 eo
787 654 833 688 de
857 652 1068 699 ydolaticis
1093 652 1197 688 dicet
1222 665 1312 687 cum
1335 651 1453 687 Ysaia
1484 651 1580 687 fina-

263 713 370 748 liter:
406 713 474 747 ‘Ve
498 711 619 747 michi
645 710 738 759 quia
763 708 895 756 tacui,'
929 723 1022 746 nam
1048 710 1175 746 fidelis
1209 709 1248 745 in
1271 722 1350 757 quo
1375 722 1490 744 amor
1519 709 1581 745 dei

264 771 535 818 preponderat
557 782 637 805 non
659 768 808 805 tacebit
836 768 890 804 sic
906 768 1131 804 vecorditer
1152 767 1192 803 in
1215 780 1335 803 causa
1358 767 1419 802 dei
1443 776 1582 803 contra

265 830 495 876 Symonem.
530 830 612 863 Nec
635 836 777 875 pensat
810 828 906 862 deus
930 826 1023 874 quid
1058 834 1127 862 aut
1156 834 1353 874 quantum
1389 826 1435 860 de
1469 825 1582 861 bonis

210 899 248 919 10
264 887 344 923 suis
366 898 500 922 servus
526 898 619 921 suus
645 884 952 933 consumpserit,
988 886 1056 920 sed
1081 884 1253 932 qualiter
1273 892 1310 919 et
1332 883 1477 931 quibus
1502 895 1583 918 rne-

265 944 340 981 diis
363 943 437 980 sibi
461 943 665 992 quesierit,
689 943 781 991 quia
802 943 917 979 aliter
932 943 1144 990 predones,
1167 943 1343 978 latrones
1366 950 1402 977 et
1424 941 1581 977 scelesti

264 1003 395 1039 forent
425 1003 473 1038 de
503 1001 613 1038 omni
644 1002 772 1037 abusu
801 1002 1000 1037 bonorum
1032 999 1184 1037 domini
1215 999 1403 1036 excusati.

1800 262 1871 296 107

1602 485 1646 511 He
1667 486 1691 512 is
1713 486 1815 513 bound
1839 491 1867 513 to

1636 528 1764 555 reprove
1787 522 1833 548 liis

1607 555 1765 589 superiors
1785 556 1810 583 if
1828 557 1863 582 he

1605 590 1713 616 kuows
1735 591 1815 617 them
1838 596 1868 617 to

1662 625 1696 651 be
1717 625 1810 658 doiiitt

1678 659 1800 694 wrong(

323 1063 478 1106 Quarto
510 1059 684 1107 fingitur,
710 1060 818 1108 quod
842 1059 1074 1095 claustrales
1098 1059 1242 1106 quibus
1266 1057 1580 1106 appropriantur
1594 1064 1705 1092 Monks
1730 1073 1799 1102 may
1823 1070 1874 1093 not

264 1118 442 1165 ecclesie,
465 1118 611 1154 virtute
638 1116 986 1166 appropriacionis
1013 1125 1279 1153 exonerantur
1305 1129 1327 1151 a
1355 1129 1449 1151 cura
1473 1128 1580 1152 com-

211 1179 246 1210 15
265 1177 386 1213 missa
429 1176 587 1213 vicariis
620 1189 694 1212 nec
726 1175 920 1223 competit
965 1174 1019 1211 eis
1064 1174 1242 1211 officium
1286 1173 1581 1222 predicacionis

263 1237 332 1271 sed
365 1236 506 1271 devote
540 1233 752 1271 oracionis.
789 1236 830 1269 In
863 1233 938 1270 ista
972 1233 1233 1269 excusacione
1259 1232 1431 1268 Luciferi
1456 1231 1582 1267 miror

263 1293 395 1341 primo
428 1294 634 1341 quomodo
670 1292 884 1328 maledicta
915 1291 1202 1339 appropriacio
1240 1290 1501 1326 infundabilis
1543 1290 1582 1325 in

264 1352 349 1399 lege
383 1351 459 1396 dei,
493 1350 533 1386 in
567 1363 645 1399 qua
668 1350 800 1387 omnis
832 1350 977 1387 veritas
1001 1349 1241 1396 continetur,
1276 1350 1395 1385 habet
1427 1357 1582 1384 tantam

264 1410 451 1445 virtutem
487 1408 759 1445 exhonerandi
785 1407 1053 1444 mercenarios
1078 1421 1099 1444 a
1132 1420 1228 1443 cura
1249 1419 1413 1443 suarum
1433 1406 1581 1451 ovium,

208 1478 249 1499 20
265 1480 356 1504 cum
391 1467 629 1504 beneficium
654 1476 691 1503 et
714 1467 1033 1514 correspondens
1057 1466 1234 1502 officium
1260 1464 1583 1513 inseparabiliter

265 1539 305 1562 se
337 1535 539 1562 secuntur.
574 1528 669 1561 Item
706 1538 796 1561 cum
820 1524 943 1561 nichil
977 1525 1094 1560 debet
1128 1536 1211 1560 esse
1235 1523 1507 1560 inordinatum
1542 1522 1581 1558 in

266 1586 388 1620 domo
422 1583 575 1620 domini
611 1592 647 1619 et
680 1583 858 1620 officium
892 1582 1032 1620 orandi
1078 1582 1127 1618 sit
1173 1581 1339 1618 minime
1372 1589 1582 1628 sumptuo-

265 1655 368 1688 sum,
407 1641 562 1690 fugiens
602 1643 827 1678 mundanos
867 1640 1057 1688 strepitus
1090 1640 1247 1676 videtur
1284 1641 1399 1675 valde
1433 1638 1583 1675 inordi-

266 1710 358 1736 nate
410 1699 675 1748 appropriare
726 1709 809 1736 tam
856 1699 993 1747 paucis
1045 1707 1104 1734 tot
1157 1698 1345 1734 ecclesias
1390 1710 1462 1744 pro
1515 1697 1583 1733 illo

209 1757 249 1790 25
266 1760 374 1795 nudo
407 1758 563 1803 officim
597 1758 652 1794 sic
693 1758 798 1794 enim
845 1757 884 1793 in
919 1757 1124 1805 primitiva
1170 1756 1338 1792 ecclesia
1382 1765 1419 1791 et
1464 1755 1583 1791 hodie

266 1816 421 1853 facilius
461 1826 497 1853 et
540 1816 783 1853 fructuosius
827 1816 1055 1863 completur
1098 1815 1195 1850 illud
1243 1813 1436 1851 officium.
1484 1815 1580 1848 Item

265 1887 355 1911 cum
389 1875 567 1911 officium
595 1874 829 1922 predicandi
875 1875 924 1910 sit
956 1887 1159 1910 summum
1201 1872 1240 1908 in
1286 1871 1505 1921 preposito,
1539 1880 1582 1906 ut

266 1932 329 1968 hic
363 1933 618 1980 supponitur,
667 1933 697 1968 si
742 1933 888 1968 virtute
929 1931 1278 1980 appropriacionis
1319 1931 1417 1965 illud
1452 1937 1583 1977 potest

265 1991 444 2027 subtrahi
478 2004 499 2027 a
532 1991 735 2037 subiectis,
770 2004 791 2027 a
825 1990 910 2038 pari
956 1999 1085 2026 totum
1132 1989 1310 2025 officium
1360 1988 1582 2035 pastorale;

208 2050 249 2082 30
265 2051 472 2097 quomodo
506 2062 601 2097 ergo
626 2050 926 2096 respondebunt
959 2057 1135 2084 rectores
1169 2047 1225 2082 illi
1258 2059 1332 2094 pro
1357 2045 1581 2089 animabus,

265 2120 434 2155 quarum
471 2107 637 2144 decimis
670 2116 898 2150 vescuntur,
933 2106 973 2142 in
1006 2106 1070 2142 die
1103 2105 1255 2149 iudicii,
1295 2104 1327 2140 si
1361 2102 1468 2151 ipsas
1503 2116 1583 2140 non

265 2165 438 2202 rexerint
481 2165 586 2202 viam
629 2165 822 2201 virtutum
871 2174 908 2201 et
954 2166 1080 2212 legem
1116 2163 1269 2200 domini
1310 2162 1584 2210 predicando?

265 2224 507 2271 Symoniaca
552 2223 715 2272 quidem
767 2224 869 2260 foret
914 2222 1143 2259 comutacio
1195 2233 1328 2257 emere
1373 2219 1584 2256 oraciones

264 2295 338 2329 pro
384 2291 497 2318 tanto
542 2281 757 2330 temporali
803 2281 1023 2329 stipendio;
1080 2280 1168 2316 illas
1214 2279 1318 2315 enim
1372 2278 1584 2314 oraciones

209 2338 248 2372 35
265 2340 430 2376 haberet
486 2339 784 2388 parrochianus
846 2339 1090 2375 fructuosius
1153 2337 1396 2374 excuciendo
1460 2349 1481 2372 a
1544 2348 1584 2371 se

264 2400 483 2445 prudenter
515 2398 621 2434 istud
650 2398 791 2435 servile
813 2397 1074 2434 comercium.
1109 2399 1220 2441 Item,
1255 2405 1298 2432 ut
1331 2407 1517 2443 suppono
1541 2406 1585 2429 ex

266 2455 344 2492 fide
390 2468 484 2504 sepe
537 2456 656 2500 dicta,
710 2469 791 2493 non
852 2456 946 2492 licet
998 2455 1142 2503 angelo
1204 2455 1265 2490 vel
1318 2452 1471 2490 homini
1534 2452 1583 2487 ad

336 2576 360 2604 3.
383 2578 434 2606 Sic
455 2577 513 2614 bes.
591 2587 622 2612 4.
643 2578 728 2605 dedit
748 2579 824 2605 deus
844 2578 896 2607 bc:
925 2578 964 2605 ili.
992 2578 1164 2612 correptive
1190 2576 1271 2611 alvqt}
1297 2583 1380 2602 corr.
1401 2575 1432 2601 in
1461 2582 1584 2612 correp—

266 2613 353 2639 cione
373 2614 402 2639 d.
512 2612 536 2640 5.
557 2621 627 2640 cum
649 2613 729 2648 ceflz,
750 2621 811 2640 nou
833 2613 937 2640 ceteri.
1045 2615 1073 2639 Ο.
1096 2618 1127 2639 ut
1149 2612 1222 2638 dicit
1241 2619 1270 2642 a,
1298 2611 1378 2637 dicet
1397 2608 1478 2645 ceflz,
1510 2609 1585 2635 dicit

266 2648 371 2680 ceteri,
392 2655 462 2675 cum
483 2655 541 2674 om.
564 2656 592 2678 α,
612 2652 713 2675 tamen
736 2648 797 2684 [τὸτί.
871 2655 899 2682 9.
922 2647 1096 2674 svmoniam
1117 2648 1161 2682 gi.
1238 2654 1272 2672 ιι.
1294 2645 1344 2671 illa
1365 2653 1450 2679 ques.
1472 2643 1585 2673 celeri,-

265 2683 303 2709 ih.
330 2686 358 2709 et
379 2683 445 2709 latr.
466 2683 511 2719 gi.
591 2690 628 2709 12.
650 2683 686 2709 de
706 2691 765 2710 om.
791 2681 890 2719 ahfgi,
917 2679 959 2710 αἸ.
981 2692 1019 2709 νη.
1040 2683 1068 2709 d.
1125 2681 1129 2682 ⁷
1151 2689 1191 2713 ιιι.
1214 2688 1275 2715 quo
1296 2687 1384 2706 exon.
1406 2678 1492 2714 asgi,
1522 2685 1584 2713 quo

265 2717 306 2743 al.
328 2725 365 2744 m.
386 2718 415 2743 d.
524 2726 563 2751 ¹7·
595 2718 690 2744 modo
723 2718 757 2744 al
786 2727 823 2744 m.
851 2725 880 2746 α,
908 2726 966 2744 om.
995 2717 1036 2750 bf.
1146 2717 1188 2742 215.
1220 2715 1312 2741 michi
1340 2721 1401 2749 pro
1434 2713 1522 2740 valde
1553 2720 1583 2738 α.

265 2751 308 2782 23,
329 2759 375 2785 24.
397 2751 608 2779 inordinatum
631 2752 738 2791 adghi.
847 2760 891 2786 27.
917 2749 1081 2787 proposito
1101 2751 1200 2777 aladei.
1309 2748 1354 2776 30.
1383 2753 1518 2775 rectores
1538 2747 1584 2777 elz,

266 2794 314 2814 om
345 2787 460 2819 σείει-ί,-
478 2787 516 2814 ib.
538 2787 578 2814 ibi
595 2795 655 2821 μνη
676 2787 717 2814 illi
739 2787 766 2813 h.
865 2787 903 2814 31.
927 2791 1096 2822 pascuntur
1116 2787 1161 2821 gi,
1189 2792 1272 2813 corr.
1293 2791 1331 2811 ex
1357 2787 1524 2810 vescuntur
1544 2789 1582 2813 a;

265 2829 346 2848 vesc.
367 2829 440 2849 corr
470 2829 507 2848 ex
527 2826 654 2849 utuntur
672 2820 715 2858 df.
788 2820 835 2855 36,
854 2822 898 2857 37.
920 2830 956 2849 ex
975 2822 996 2849 f.
1018 2829 1108 2856 supp.
1131 2821 1176 2856 gi.

336 2881 369 2913 6.
394 2882 437 2914 Is.
464 2881 495 2922 6,
524 2881 553 2914 5.

1695 1101 1778 1127 leave

1624 1136 1844 1170 appropi-interi

1630 1171 1780 1198 churclies
1802 1176 1833 1198 to

1630 1206 1710 1233 their
1730 1206 1839 1233 ricars.

1627 1470 1764 1499 Benefice
1785 1474 1844 1500 and

1661 1507 1735 1542 duty
1755 1516 1805 1534 are

1637 1541 1834 1579 inseparably

1642 1579 1823 1605 connected.
