2002 3359
283 270 372 299 cAv.
392 259 474 318 vn]
793 271 852 303 DE
880 270 1081 303 sIMONiA.

283 381 435 417 facinus
468 380 585 416 unius
618 379 757 415 discoli
790 387 956 426 propter
988 377 1125 414 omnia
1150 378 1254 413 bona
1279 376 1431 422 mundi,
1468 375 1595 412 multo

285 439 409 487 magis
455 452 535 474 non
581 439 697 474 debet
742 438 967 484 approbare
1014 435 1262 471 habilitatem
1308 447 1479 482 persone
1524 447 1596 482 pro

283 496 426 533 futuris
470 496 732 543 temporibus,
779 494 890 530 cuius
934 493 1081 529 noticia
1121 502 1289 540 negatur
1327 492 1400 528 sibi
1441 506 1462 528 a
1501 494 1595 533 deo3

284 555 375 591 ideo
407 555 564 591 videtur
598 555 705 602 quod
730 552 1021 588 auctorisantes
1046 552 1164 587 talem
1191 559 1428 598 perpetuam
1453 563 1597 598 appro-

251 616 266 646 5
284 613 529 661 priacionem
565 612 773 647 incurrunt
797 609 1060 647 blasfemiam.
1095 612 1140 645 Et
1165 610 1235 645 hec
1260 609 1370 644 racio
1394 617 1450 644 est
1474 621 1597 656 quare

285 671 466 708 Christus
515 679 551 706 et
598 668 769 717 apostoli
823 677 1020 715 potentes,
1074 667 1242 703 scientes
1295 676 1332 702 et
1377 666 1415 701 in
1460 679 1599 702 amore

285 729 449 765 ecclesie
488 729 683 764 ferventes
722 739 802 762 non
843 727 1062 762 fundarunt
1101 725 1340 761 elemosinas
1379 725 1477 760 tales
1510 737 1598 771 per-

284 797 423 835 petuas
456 796 498 822 ut
531 795 640 834 patet
674 785 814 820 diffuse
849 784 954 820 alibi.

341 846 417 881 Sed
450 844 624 880 obicitur
648 845 695 879 de
728 842 925 886 Scarioth,
960 854 1078 890 quem
1110 840 1292 877 Christus
1326 840 1442 887 elegit
1471 839 1598 876 sciens

1833 273 1876 307 91

1686 846 1817 874 Clirist's

1588 897 1594 903 -
1642 882 1806 909 toleration
1828 883 1863 909 of

231 903 413 951 1oipsum
450 903 626 938 futurum
663 902 828 941 malum,
863 913 957 947 ergo
989 912 1061 935 nos
1095 899 1162 947 qui
1197 900 1388 935 debemus
1422 899 1784 946 l'egsslffl'llscariotis
1806 922 1887 944 nota

284 974 353 1009 per
377 960 670 997 imittacionem
697 960 895 995 factorum
930 957 1077 995 Christi
1102 958 1140 993 in
1165 969 1286 1005 opere
1319 966 1456 993 nostro
1481 958 1597 992 debe-

284 1032 371 1055 mus
404 1018 443 1054 in
478 1032 570 1055 casu
600 1018 749 1054 malum
779 1016 937 1064 eligere,
972 1016 1199 1064 specialiter
1232 1028 1320 1051 cum
1356 1015 1528 1063 simplici
1563 1023 1599 1050 et

282 1078 347 1125 pia
381 1077 610 1113 intencione
643 1076 867 1123 ignorando
912 1087 1024 1111 suam
1061 1073 1275 1110 maliciam.
1325 1073 1451 1109 Aliter
1493 1072 1598 1109 enim

284 1135 579 1183 pusilanimitas
619 1133 832 1182 impediret
877 1145 1067 1181 magnum
1111 1133 1260 1168 bonum
1294 1144 1338 1167 ex
1372 1131 1599 1179 provisione

230 1193 352 1230 15tali
398 1193 649 1241 proveniens.
700 1194 775 1228 Ista
826 1192 1019 1227 blasfema
1064 1190 1227 1238 argucia
1273 1199 1383 1226 cecat
1432 1190 1598 1233 multos;

285 1251 466 1288 Christus
514 1251 618 1287 enim
658 1250 903 1286 omnisciens
943 1248 1059 1296 elegit
1093 1247 1292 1293 Scarioth,
1338 1257 1381 1284 ut
1420 1248 1469 1284 sit
1509 1260 1600 1296 por-

284 1319 437 1346 tentum
484 1310 587 1345 male
626 1307 800 1356 prelacie
833 1308 964 1343 future
998 1307 1037 1342 in
1072 1306 1252 1351 ecclesia,
1302 1315 1339 1342 et
1372 1315 1414 1342 ut
1446 1306 1599 1342 fructus

283 1368 412 1404 tocius
451 1380 520 1403 sue
561 1366 719 1403 malicie
766 1365 893 1414 prosit
938 1364 1115 1409 ecclesie,
1159 1377 1240 1401 non
1280 1373 1322 1400 ut
1360 1373 1511 1412 peccet,
1557 1360 1607 1399 ut'

284 1435 395 1474 patet
429 1425 570 1461 diffuse
605 1424 713 1461 alibi.
744 1425 839 1460 ‘Sed
872 1423 991 1460 nimis
1026 1432 1083 1459 est
1122 1422 1297 1459 alienum
1333 1425 1382 1459 ab
1415 1423 1497 1468 illo,
1532 1421 1599 1470 qui

227 1493 341 1520 zoest
379 1484 441 1520 vix
486 1484 713 1519 membrum
760 1483 941 1528 ecclesie,
990 1494 1071 1518 non
1113 1489 1246 1529 caput,
1296 1490 1462 1529 propter
1501 1480 1599 1516 illud

285 1542 488 1579 Christum
543 1541 779 1589 ignoranter
834 1541 1023 1577 excedere
1077 1539 1305 1576 ordinando
1354 1539 1393 1575 in
1446 1539 1598 1587 populo

284 1613 406 1636 unum
430 1601 572 1636 Judam
592 1608 853 1648 perpetuum:
879 1599 1148 1635 recoleremus
1165 1610 1272 1645 ergo,
1295 1597 1476 1645 inquam,
1494 1597 1599 1633 illius

283 1659 391 1695 verbi
427 1658 588 1703 Christi,
627 1659 770 1694 Matth.
812 1659 872 1702 16,
913 1656 1008 1693 dicti
1054 1658 1191 1692 Petro:
1236 1657 1361 1692 ‘Vade
1401 1664 1491 1703 post
1538 1667 1600 1691 me

284 1718 482 1761 sathana',
528 1725 623 1752 tunc
669 1715 773 1752 enim
820 1728 901 1752 non
940 1714 997 1751 sic
1035 1716 1345 1763 precederemus
1379 1714 1599 1757 Christum,

227 1778 267 1809 25
284 1775 386 1811 sicut
418 1774 694 1819 antichristus,
728 1773 796 1823 qui
830 1773 1032 1810 extollitur
1064 1785 1183 1820 super
1216 1785 1335 1809 omne
1366 1773 1474 1820 quod
1504 1771 1600 1808 dici-

284 1842 348 1869 tur
371 1834 481 1870 deus.
515 1834 783 1869 Attendamus
807 1832 943 1880 itaque
977 1832 1026 1868 ad
1052 1831 1118 1867 illa
1143 1843 1218 1879 que
1236 1830 1418 1868 Christus
1442 1830 1534 1866 fecit
1558 1838 1601 1865 ut

284 1891 529 1928 omnisciens
563 1900 599 1927 et
633 1899 754 1939 caput
798 1889 1037 1927 universalis
1072 1888 1250 1935 ecclesie,
1286 1897 1323 1925 et
1355 1902 1437 1926 non
1482 1888 1600 1924 affec-

284 1958 416 1986 temus
461 1949 591 1997 ipsum
633 1950 823 1986 excedere
861 1949 922 1984 vel
960 1947 1165 1996 parificari
1206 1947 1280 1983 sibi
1316 1947 1354 1983 in
1387 1946 1485 1985 istis.
1526 1946 1601 1982 nisi

284 2007 394 2055 prius
427 2007 620 2043 fuerimus
645 2016 765 2056 caput
788 2007 920 2055 ipsum
945 2015 982 2042 et
1004 2005 1060 2042 sic
1090 2005 1233 2042 sciens.
1267 2006 1359 2042 Ideo
1383 2017 1601 2054 sequamur

229 2070 270 2101 30
285 2065 414 2113 ipsum
456 2065 496 2101 in
528 2065 624 2110 istis,
664 2065 849 2102 faciendo
882 2062 1295 2113 proporcionabiliter
1328 2071 1366 2099 et
1397 2062 1601 2111 sapienter

285 2125 392 2172 quod
428 2136 559 2160 mores
592 2123 736 2172 sapiat,
769 2136 851 2159 non
874 2123 993 2159 stulte
1017 2121 1202 2170 eligendo
1223 2122 1283 2158 vel
1313 2121 1600 2158 auctorisando

285 2182 436 2218 malurn
470 2181 623 2230 peccati
658 2183 719 2218 vel
754 2181 886 2217 minus
917 2181 1082 2225 malum,
1116 2180 1209 2216 licet
1234 2193 1422 2228 magnum
1449 2180 1599 2215 bonum

285 2240 418 2276 divina
433 2240 568 2287 gracia
591 2239 730 2276 exinde
751 2239 918 2283 eveniat,
936 2239 1156 2275 secundum
1182 2238 1410 2274 doctrinam
1427 2237 1600 2286 apostoli

285 2300 399 2334 Rom.
437 2299 471 2335 3.
525 2300 574 2334 Et
612 2298 668 2335 sic
709 2311 752 2335 ex
797 2297 972 2334 stulticia
1012 2296 1314 2345 preficiencium
1354 2297 1415 2333 vel
1455 2308 1602 2344 appro-

356 2418 376 2437 1.
399 2409 541 2446 discipuli
563 2410 630 2446 qug,
652 2418 734 2438 corr.
757 2410 788 2437 in
809 2409 917 2437 discoli
938 2410 967 2436 d.
1030 2417 1055 2436 2.
1078 2409 1282 2444 appropriare
1301 2408 1402 2444 abceff.
1465 2407 1489 2436 3.
1512 2416 1601 2443 nega-

284 2449 334 2472 tur
354 2445 418 2475 belz,
439 2452 522 2472 corr.
539 2445 568 2472 in
584 2450 692 2480 negata
707 2445 735 2479 d,
758 2449 830 2472 nota
845 2454 877 2480 g,
898 2452 981 2472 corr.
997 2445 1028 2471 in
1045 2452 1155 2479 negare
1169 2451 1198 2473 α,
1219 2448 1327 2477 negata
1341 2446 1387 2475 c1‘‚·
1406 2443 1443 2470 ib.
1461 2443 1518 2470 sibi
1534 2443 1600 2474 heli,

285 2479 325 2506 sit
344 2479 414 2515 (ζῇς,
442 2487 524 2506 corr.
547 2480 577 2506 in
598 2484 644 2507 est
663 2480 693 2511 d,
720 2484 766 2506 est
786 2480 805 2507 i.
897 2488 926 2513 4.
954 2479 1025 2506 Non
1054 2483 1099 2515 fg.
1131 2486 1214 2505 corr.
1237 2478 1266 2505 in
1295 2478 1364 2505 ideo
1384 2486 1413 2505 α.
1506 2478 1530 2506 5.
1557 2483 1602 2504 est

285 2515 368 2541 racio
388 2514 482 2549 adfg,
510 2519 555 2541 est
574 2522 632 2541 om.
654 2523 678 2541 e.
754 2515 782 2542 6.
811 2513 882 2541 Chr.
904 2519 932 2541 et
953 2514 1059 2549 populi
1080 2513 1110 2546 ῖς
1135 2513 1172 2540 ib.
1195 2513 1326 2540 scientes
1347 2520 1406 2540 om.
1428 2513 1505 2548 bees.
1529 2516 1602 2548 post

284 2550 436 2576 ferventes
453 2552 574 2584 ponunt
592 2550 690 2576 ceteri
708 2550 762 2582 (ad
781 2550 823 2576 al.
845 2557 872 2575 m
888 2551 908 2580 ).
1005 2557 1030 2584 7.
1052 2549 1261 2575 fundaverunt
1281 2547 1367 2583 abdf.
1468 2556 1509 2574 10.
1531 2556 1600 2574 eum

284 2584 346 2621 fut..
369 2583 432 2618 ἄρη-
456 2584 528 2618 quia
555 2592 611 2610 nos
636 2583 737 2620 bcesssg,
763 2592 845 2611 corr.
873 2584 903 2611 in
930 2592 1002 2618 ergo
1029 2591 1058 2610 η.
1169 2591 1202 2609 11.
1231 2587 1409 2609 sanctorum
1432 2581 1504 2609 Chr.
1526 2581 1602 2619 ads:

285 2618 323 2644 ib.
339 2626 369 2644 in
385 2625 414 2644 n.
431 2626 481 2652 op.
497 2619 600 2645 ceteri.
658 2626 696 2646 ¹2.
715 2619 914 2654 spiritualiter
929 2619 1054 2646 cancell.
1072 2618 1100 2644 Ιι.
1159 2616 1195 2644 13.
1211 2618 1300 2644 Alter
1312 2617 1332 2644 ι’.
1390 2625 1431 2650 14.
1454 2622 1481 2644 et
1496 2626 1531 2644 ex
1545 2626 1600 2653 ag.

286 2653 327 2680 16.
354 2653 459 2679 omnia
486 2653 586 2680 sciens
612 2654 704 2689 adfg.
812 2661 852 2686 21,
874 2661 917 2681 22.
946 2662 1010 2680 exc.
1040 2661 1090 2680 un.
1112 2652 1180 2679 Jud.
1204 2660 1290 2687 perp.
1312 2652 1342 2678 in
1364 2660 1436 2687 pop.
1457 2653 1525 2679 ord.
1546 2660 1599 2688 ag.

285 2695 329 2714 22.
356 2695 428 2722 ergo
453 2695 511 2714 om.
539 2689 653 2718 celeri:
681 2689 770 2716 istius
796 2691 899 2715 cetert.
1008 2695 1055 2719 24.
1085 2687 1200 2715 §.athan
1229 2687 1290 2722 baff',
1318 2687 1471 2714 Sathanas
1497 2688 1600 2714 ceteri.

285 2729 330 2756 27.
352 2722 457 2761 omnia
478 2722 578 2749 sciens
598 2722 667 2758 afg.
728 2730 774 2757 2²9.
797 2724 897 2750 sciens
917 2723 958 2750 al.
979 2731 1016 2749 m.
1039 2726 1067 2749 Ιι.
1125 2721 1170 2749 30.
1191 2729 1260 2748 eum
1281 2721 1356 2756 briss,-
1375 2722 1413 2748 lb.
1436 2724 1603 2756 prudenter

285 2760 390 2784 celei-1.
498 2755 537 2784 31.
566 2765 668 2784 mores
695 2765 778 2784 corr.
799 2765 837 2785 ex
862 2762 997 2785 maiores
1019 2759 1057 2789 l1,·
1083 2757 1121 2784 ib.
1144 2761 1243 2791 sapiat
1264 2757 1327 2787 eelz,
1355 2757 1477 2791 sapiant
1496 2757 1600 2784 ceteri.

285 2801 329 2841 32.
352 2810 479 2838 presens
498 2802 583 2838 bCfi-'v
603 2810 686 2830 corr.
708 2804 738 2830 in
761 2806 877 2838 peccati
897 2812 928 2838 α,
950 2798 1004 2839 ρῆἶ
1023 2812 1048 2831 e.
1152 2802 1195 2836 32,
1217 2801 1259 2829 33.
1282 2802 1397 2829 bonum
1419 2803 1482 2829 div.
1505 2804 1550 2831 clzv
1572 2803 1601 2829 in

285 2839 347 2864 div.
368 2838 466 2864 ceteri
487 2838 528 2869 (in
550 2839 679 2865 cancell.
699 2840 741 2872 d).

358 2898 410 2930 23.
436 2897 541 2929 Math.
566 2897 615 2938 16,
645 2899 697 2932 23.
796 2899 849 2939 34.
875 2899 977 2929 Rom.
1005 2899 1035 2939 3,
1062 2897 1094 2929 8.

1640 953 1803 986 precedent
1824 952 1872 979 sor

1627 987 1806 1025 promoting
1830 987 1885 1013 bad

1690 1027 1812 1056 priests.
