2002 3359
231 2180 298 2207 The
319 2188 399 2215 pope

182 2215 293 2242 should
310 2219 363 2242 not
379 2215 454 2241 have

198 2250 318 2284 general
341 2249 437 2284 rights

207 2284 242 2312 of
259 2288 426 2319 patronage

182 2319 239 2346 and
256 2319 456 2357 ofrescrving

227 2354 291 2381 lirst
310 2353 411 2381 frmts.

898 264 1120 295 JoimNNis
1149 264 1331 294 wrcrlr
1611 250 1714 306 [mr.
1737 261 1774 288 v.

466 384 546 407 non
579 380 690 418 potes
734 370 939 405 sustinere.
997 371 1071 405 Sed
1118 370 1209 405 audi
1251 372 1367 406 verba
1413 384 1499 406 mea
1539 380 1574 406 et
1614 371 1777 407 consilia

467 438 503 464 et
538 428 610 464 crit
644 429 739 464 deus
772 437 918 473 tecum,
953 436 1036 463 esto
1069 436 1110 463 tu
1145 429 1293 475 populo
1326 427 1366 463 in
1390 427 1463 463 hiis
1487 441 1563 476 quc
1587 430 1775 465 addeum

467 486 667 534 pertinent
700 495 742 521 ut
776 485 922 521 referas
954 498 1030 532 que
1064 485 1251 521 dicuntur
1284 487 1332 521 ad
1367 498 1470 531 eum,
1511 488 1778 534 ostendasque

467 545 616 592 populo
652 542 889 579 cerimonias
924 552 959 578 et
992 542 1112 578 ritum
1148 543 1304 579 colendi
1338 543 1522 591 viamque
1554 557 1624 592 per
1657 557 1776 592 quam

467 604 611 638 debent
656 600 810 649 ingredi
854 613 1034 648 opusque
1078 602 1185 649 quod
1226 602 1369 637 debent
1408 602 1564 638 facere.'
1612 602 1652 638 Si
1685 604 1811 650 ergo5

467 659 505 695 in
555 660 639 707 lege
687 658 808 695 veteri
861 667 1020 695 sanctus
1073 661 1226 707 Moyses
1280 659 1334 696 ita
1385 659 1505 696 vitam
1560 673 1777 708 pauperem

465 716 559 753 vixit
600 729 642 753 ex
687 716 852 753 consilio
896 716 1053 764 gentilis
1097 717 1337 765 philosophi,
1393 717 1460 765 qui
1505 717 1545 753 in
1590 719 1663 754 hoc
1707 718 1779 753 fuit

465 788 661 823 organum
694 774 855 823 spiritus
888 774 1028 820 sancti,
1073 775 1331 822 particularia
1364 775 1511 812 iudicia
1550 777 1597 812 de
1636 775 1779 824 quibus

467 833 604 869 habuit
627 842 991 881 supereminentem
1011 832 1223 869 scienciam
1244 833 1468 882 dereliquit,
1486 843 1636 881 quanto
1653 834 1778 882 magis

466 891 636 927 vicarius
670 890 816 927 Christi
849 890 889 926 in
921 892 1004 938 lege
1037 891 1168 939 gracie
1192 893 1306 927 debet
1330 904 1412 928 esse
1436 893 1658 940 exemplum
1682 905 1778 940 pau-

466 949 570 996 peris
604 958 640 985 et
673 948 833 984 humilis
867 948 1075 985 ministerii
1110 958 1145 985 et
1177 962 1256 985 non
1281 950 1383 985 ultra
1406 951 1540 986 datam
1564 950 1777 986 scienciam

466 1006 690 1055 prepositos
723 1006 796 1042 sibi
829 1006 1052 1054 incognitos
1076 1007 1289 1055 assignare.
1324 1010 1423 1043 Nam
1449 1007 1598 1044 iudices
1622 1008 1662 1043 in
1695 1009 1779 1055 lege

467 1065 592 1112 Moysi
638 1066 781 1101 debent
815 1076 897 1100 esse
930 1064 1001 1100 viri
1046 1074 1231 1112 potentes
1265 1075 1301 1101 et
1333 1065 1517 1102 timentes
1562 1068 1695 1110 deum,
1740 1066 1779 1101 in

467 1123 611 1171 quibus
643 1122 692 1158 sit
724 1121 868 1158 veritas
902 1131 937 1158 et
971 1122 1038 1170 qui
1071 1123 1199 1159 oderit
1233 1123 1460 1169 avariciam,
1495 1125 1620 1160 multo
1654 1124 1779 1172 magis

468 1181 506 1216 in
529 1182 614 1228 lege
634 1179 794 1225 Christi,
819 1180 859 1216 in
884 1194 963 1228 qua
985 1191 1075 1217 sunt
1098 1181 1290 1229 prepositi
1315 1181 1555 1217 animarum.
1591 1184 1779 1218 Summus

468 1238 601 1287 itaque
624 1238 794 1275 vicarius
814 1238 960 1274 Christi
993 1238 1031 1274 in
1065 1239 1179 1274 terris
1213 1240 1327 1275 debet
1360 1239 1620 1287 spiritualiter
1651 1239 1780 1276 vivere

467 1296 592 1333 instar
637 1295 797 1341 Christi,
849 1296 1112 1333 universalem
1166 1306 1312 1333 statum
1360 1297 1643 1334 christianismi
1689 1311 1780 1334 con-

467 1364 619 1402 tempto
643 1356 748 1390 bono
780 1354 944 1402 proprio
968 1354 1164 1402 respicere
1199 1364 1236 1391 et
1271 1368 1353 1391 esse
1377 1356 1599 1403 exemplum
1624 1355 1779 1392 virtutis

468 1421 503 1449 et
527 1421 779 1459 contemptus
812 1412 933 1448 seculi
965 1413 1039 1448 toti
1062 1414 1222 1460 populo.
1259 1415 1306 1467 Et
1330 1413 1443 1449 aliter
1473 1413 1638 1462 dissipat
1671 1426 1710 1450 se
1744 1423 1780 1450 et

1798 907 1836 928 10

1800 1187 1836 1219 ιζ’)

467 1480 595 1507 totum
621 1469 961 1506 christianismum
987 1470 1026 1506 in
1049 1480 1174 1507 sectas
1199 1480 1363 1519 propter
1386 1484 1627 1508 venenosum
1653 1484 1780 1508 exem-
1797 1485 1838 1507 20

468 1529 577 1576 plum
602 1537 638 1564 et
661 1529 816 1564 lucrum
841 1528 1048 1576 proprium
1074 1530 1180 1576 quod
1205 1529 1392 1575 intendit3
1416 1538 1580 1577 propter
1599 1529 1673 1566 ista
1696 1530 1782 1577 qui-

468 1588 557 1622 dem
582 1587 697 1622 debet
730 1598 812 1622 esse
845 1586 941 1633 legis
975 1586 1036 1622 dei
1069 1588 1228 1623 sedulus
1261 1588 1488 1635 speculator
1520 1597 1557 1624 et
1579 1587 1619 1623 in
1648 1588 1782 1624 arduis

469 1645 517 1680 ad
551 1643 883 1692 propiciatorium
910 1653 945 1680 et
975 1644 1052 1681 alia
1083 1645 1195 1692 signa
1228 1645 1366 1693 templi
1400 1647 1619 1682 secundum
1653 1647 1778 1694 legem

469 1701 615 1738 Christi
639 1701 855 1749 respicere;
880 1711 916 1738 et
939 1711 1032 1738 tunc
1057 1712 1093 1739 et
1116 1716 1195 1739 non
1220 1703 1333 1740 aliter
1356 1712 1413 1740 est
1426 1703 1597 1740 vicarius
1614 1703 1779 1749 Christi3

470 1769 505 1796 et
550 1761 597 1796 de
642 1768 754 1796 tanto
806 1759 1051 1807 precipiente
1103 1761 1267 1797 domino
1320 1762 1510 1798 debemus
1555 1763 1603 1798 ad
1649 1761 1777 1809 ipsum

469 1817 676 1865 respicere,
711 1816 784 1853 sibi
818 1819 980 1854 credere
1012 1819 1071 1854 vel
1103 1818 1183 1854 suis
1217 1818 1377 1855 monitis
1410 1819 1585 1856 obedire.

1019 2048 1140 2088 CAP.
1175 2049 1223 2089 V.

527 2167 604 2202 Sed
637 2165 842 2202 dubitatur
874 2166 1052 2213 ulterius,
1098 2167 1129 2203 si
1162 2167 1253 2204 licet
1285 2180 1388 2216 pape
1434 2167 1506 2203 sibi
1540 2170 1778 2205 reservando

469 2223 620 2270 primos
643 2224 793 2260 fructus
817 2223 1052 2261 distribuere
1076 2225 1313 2272 generaliter
1335 2225 1527 2261 beneficia
1550 2238 1777 2273 regnorum.

1798 1765 1836 1797 25

470 2283 517 2316 Et
550 2280 704 2317 videtur
736 2283 842 2329 quod
875 2295 968 2328 non,
1002 2282 1096 2330 quia
1127 2291 1170 2318 ut
1202 2282 1319 2331 logici
1352 2291 1536 2330 arguunt,
1571 2296 1641 2331 per
1673 2283 1777 2320 idem
1796 2285 1837 2316 30

470 2347 603 2385 posset
635 2338 707 2374 sibi
741 2351 941 2375 reservare
985 2340 1136 2387 primos
1169 2341 1319 2377 fructus
1364 2342 1534 2376 duorum
1581 2353 1777 2377 annorum

471 2405 507 2432 et
541 2405 738 2444 quotquot
777 2397 945 2433 voluerit
978 2406 1015 2433 et
1059 2397 1114 2434 sic
1154 2398 1290 2434 omnia
1328 2398 1518 2434 beneficia
1563 2412 1778 2446 regnorum

470 2463 602 2502 posset
641 2467 720 2502 quo
754 2456 803 2491 ad
842 2455 1080 2502 temporalia
1124 2455 1195 2491 sibi
1240 2455 1519 2503 inperpetuum
1566 2470 1778 2503 reservare,

542 2654 561 2673 ι.
583 2650 611 2672 et
630 2645 679 2679 dh,
700 2650 789 2681 atque
809 2647 913 2673 ceteri.
1020 2654 1045 2673 2.
1067 2654 1123 2681 pro
1144 2647 1260 2682 populo
1280 2648 1357 2682 ἐπει-’11
1459 2647 1484 2675 3.
1506 2648 1542 2675 ad
1565 2649 1655 2675 deum
1677 2649 1779 2676 ceteri.

470 2689 500 2713 4.
527 2680 675 2707 terminos
700 2689 758 2715 pro
786 2681 890 2708 cerim.
919 2681 1002 2717 aesg-
1114 2680 1138 2708 5.
1166 2681 1274 2709 debeat
1300 2682 1377 2717 ingr.
1404 2683 1425 2715 i,
1453 2691 1535 2710 corr.
1557 2683 1588 2711 in
1614 2683 1725 2710 debent
1749 2691 1779 2717 a,

471 2715 600 2742 debeant
611 2715 653 2750 f‚·
678 2716 716 2743 ih.
738 2715 848 2742 debent
866 2719 940 2742 ante
959 2715 1016 2743 fac.
1037 2723 1093 2742 om.
1114 2716 1236 2751 bcdefg.
1315 2725 1340 2750 7.
1363 2717 1449 2744 duxit
1468 2725 1503 2744 ex
1521 2718 1566 2753 gi.
1639 2717 1665 2745 8.
1688 2718 1780 2753 parti-

471 2749 585 2777 cularia
604 2750 718 2777 iudicia
738 2750 766 2783 Ιι,
788 2758 870 2777 corr.
885 2758 923 2777 ex
943 2750 1043 2777 media
1063 2750 1092 2785 d,
1115 2751 1216 2778 media
1236 2752 1341 2778 ceteri.
1398 2760 1426 2786 9.
1449 2753 1727 2787 supereminentem
1749 2753 1778 2787 le,

469 2788 545 2812 -tem
573 2792 656 2812 corr.
684 2793 722 2812 ex
741 2789 800 2812 -ter
826 2793 850 2819 c,
871 2789 930 2812 -ter
949 2785 1053 2812 ceteri.
1133 2793 1166 2812 ιι.
1193 2785 1356 2813 scienciam
1384 2794 1441 2813 om.
1469 2786 1590 2823 bcdqu,
1617 2787 1658 2814 al.
1685 2795 1722 2814 m.
1749 2795 1778 2814 a.

472 2827 512 2852 ¹4-
541 2819 650 2846 odiunt
670 2820 773 2846 ceteri.
871 2827 914 2847 22.
943 2819 1108 2846 continuus
1120 2828 1185 2858 pro
1207 2820 1331 2847 sedulus
1351 2829 1406 2857 ag.
1497 2819 1540 2848 23.
1569 2822 1619 2849 sed
1642 2822 1737 2856 legem
1759 2822 1778 2849 i.

470 2861 516 2888 29.
545 2854 730 2887 gradualiter
749 2854 818 2889 ῥίς,
838 2862 921 2881 corr.
943 2854 972 2881 in
993 2854 1174 2888 generaliter
1193 2863 1222 2882 α.
1336 2854 1380 2882 30.
1408 2856 1513 2889 legiste
1533 2861 1664 2891 arguunt
1689 2856 1779 2892 akgfg,

473 2888 562 2923 logici
583 2888 624 2916 al.
646 2897 683 2915 m.
704 2889 733 2915 h.
806 2887 849 2916 33.
871 2893 972 2924 potest
993 2889 1118 2924 abcffg,
1140 2897 1223 2916 corr.
1246 2889 1275 2917 in
1297 2895 1401 2925 posset
1421 2891 1450 2918 d.
