2002 3359
242 289 330 317 CAP.
352 279 390 335 r}
770 293 828 324 DE
856 292 1055 325 slmoNlA.

242 399 303 435 dei
329 407 364 435 et
389 398 595 434 hominum
613 398 814 435 Christum
838 401 985 445 Jesum,
1011 407 1050 434 ut
1075 408 1183 447 patet
1207 401 1300 435 Luc.
1324 410 1365 441 2:
1390 400 1456 435 sed
1482 400 1555 435 hoc

241 457 385 493 vicium
427 456 597 492 maxime
637 456 905 493 contrariatur
949 459 1049 492 bone
1088 457 1281 493 voluntati
1327 459 1374 493 ad
1408 460 1555 498 «Iesum,

242 528 335 563 ergo
367 515 497 563 ipsum
532 514 703 550 maxime
735 515 953 562 opponitur
985 514 1073 562 paci
1109 515 1314 551 hominum
1356 524 1392 551 et
1425 515 1555 551 saluti.

242 573 373 609 Minor
411 581 519 620 patet
553 585 596 608 ex
629 572 742 608 factis
776 572 936 618 Christi,
978 572 1044 620 qui
1078 573 1159 620 pati
1194 573 1300 609 venit
1333 573 1557 609 humillime

209 633 263 667 ὅτι
295 631 429 667 Judeis
463 640 499 667 et
538 630 732 678 gentibus,
779 639 815 666 et
858 639 994 666 tamen
1038 643 1171 667 severe
1223 631 1365 667 exarsit
1409 633 1555 667 nedum

242 699 381 726 contra
426 690 499 724 hoc
543 697 767 736 peccatum,
813 690 879 724 sed
926 698 1064 724 contra
1110 689 1191 724 cius
1237 689 1420 736 figuram,
1467 703 1555 725 cum

242 748 399 795 flagello
452 748 499 782 de
550 746 735 782 funiculis
792 747 896 782 facto
956 759 1074 782 manu
1127 747 1290 794 propria
1342 748 1557 795 figurantes

241 805 460 853 symoniam
497 804 646 852 fugavit
680 805 728 839 de
761 805 925 851 templo,
960 813 1001 840 ut
1036 804 1182 840 dicitur
1213 806 1299 841 Joh.
1336 815 1371 841 2.
1408 808 1454 841 Et
1488 806 1557 841 fla—

241 864 387 911 gellum
421 863 519 898 illud
553 862 709 910 figurat,
751 864 857 909 quod
904 862 1199 899 committentes
1244 864 1346 899 hanc
1387 863 1554 899 heresim

186 930 404 969 ropropter
432 921 557 966 funes,
592 920 734 968 quibus
768 919 1014 956 innodantur
1045 920 1085 956 in
1119 934 1176 967 ea,
1210 920 1250 957 in
1283 923 1457 958 secundo
1491 923 1558 958 ad-

239 988 358 1016 ventu
397 977 543 1015 Christi
589 987 678 1014 sunt
723 977 988 1014 insolubiliter
1032 979 1273 1026 flagellandi.
1327 982 1422 1015 Item
1469 993 1558 1027 pro-

239 1036 524 1086 porcionaliter
545 1045 588 1072 ut
610 1045 820 1084 peccatum
852 1037 939 1084 plus
972 1046 1085 1073 sonat
1108 1038 1157 1073 ad
1182 1037 1243 1073 dei
1268 1047 1557 1085 contemptum,

240 1105 295 1132 est
317 1095 447 1143 ipsum
470 1094 642 1142 amplius
663 1094 932 1142 puniendum:
955 1096 1023 1131 sed
1046 1095 1274 1131 huiusmodi
1292 1105 1347 1132 est
1363 1096 1557 1143 symonia,

240 1167 333 1202 ergo
357 1162 430 1190 etc.
464 1155 647 1200 Namque
670 1152 889 1201 symoniaci
921 1154 1069 1189 nedum
1094 1155 1268 1190 vendunt
1297 1154 1495 1190 iusticiam
1521 1164 1558 1190 et

188 1215 220 1247 15
239 1212 415 1261 graciam
441 1224 513 1259 pro
536 1210 601 1247 vili
626 1210 774 1258 precio,
809 1224 853 1247 ac
877 1210 907 1246 si
932 1211 1019 1259 quis
1043 1213 1205 1248 duceret
1238 1213 1287 1248 ad
1320 1212 1450 1248 forum
1485 1226 1557 1260 pro

239 1271 304 1308 vili
328 1269 463 1318 precio
486 1269 710 1305 iumentum
736 1277 772 1305 et
796 1281 952 1305 servum
977 1271 1244 1315 vendendum,
1268 1271 1336 1306 sed
1352 1271 1554 1307 Christum

240 1329 307 1377 qui
324 1337 379 1365 est
400 1340 572 1376 persona
594 1326 824 1371 iustissima⁷
850 1336 1044 1375 quantum
1061 1327 1099 1363 in
1116 1328 1209 1375 ipsis
1226 1337 1295 1375 est,
1320 1328 1557 1365 inhonestis-

240 1387 338 1424 sime
372 1386 587 1423 comedunt
621 1394 657 1421 et
690 1394 942 1421 consumunt.
988 1388 1036 1421 Et
1069 1395 1264 1434 quantum
1299 1387 1347 1422 ad
1382 1387 1556 1434 primum

240 1453 352 1483 notat
382 1442 627 1486 ParisiensiS‚
662 1444 866 1491 quomodo
899 1443 952 1479 hii
985 1444 1205 1491 symoniaci
1240 1446 1432 1481 excedunt
1465 1446 1558 1481 Sca-

184 1517 225 1539 20
242 1504 359 1549 rioth,
393 1501 460 1550 qui
484 1502 524 1538 in
546 1501 704 1537 occulto
727 1501 904 1538 vendidit
927 1501 1135 1538 veritatem
1170 1503 1350 1550 personis
1374 1503 1558 1551 gravibus

240 1562 281 1598 in
314 1573 480 1608 corpore
514 1559 686 1605 mortali,
722 1560 789 1595 sed
828 1560 1048 1607 symoniaci
1087 1561 1237 1597 faciunt
1277 1560 1317 1597 in
1349 1570 1433 1597 toto
1467 1574 1558 1597 con-

240 1619 408 1656 trarium
432 1627 512 1655 tam
538 1619 672 1666 quoad
696 1617 821 1653 filium
847 1631 968 1666 quam
993 1620 1126 1666 quoad
1150 1618 1334 1666 spiritum
1361 1628 1556 1656 sanctum.

240 1677 448 1715 Sufficeret
473 1685 605 1713 autem
629 1675 881 1723 symoniacis,
907 1678 1013 1725 quod
1030 1676 1209 1713 Christus
1233 1678 1355 1714 semel
1377 1677 1558 1714 venditus

242 1745 298 1773 est
336 1748 408 1783 pro
448 1734 561 1771 nobis
601 1743 638 1770 et
677 1735 726 1770 ad
766 1734 992 1782 passionem
1034 1736 1188 1781 ductus,
1229 1737 1296 1772 sed
1331 1744 1368 1772 et
1401 1737 1449 1772 ab
1482 1735 1558 1772 illis

185 1798 222 1829 25
241 1793 476 1839 comeditur,
511 1792 605 1841 quia
636 1793 723 1828 Joh.
761 1803 781 1828 2
818 1792 964 1828 dicitur
996 1802 1085 1840 post
1120 1794 1194 1830 hoc
1227 1794 1396 1830 factum:
1432 1796 1558 1830 ‘Tunc

240 1851 438 1889 recordati
471 1860 562 1887 sunt
585 1850 769 1898 discipuli
802 1850 900 1886 illud
932 1851 1076 1898 psalmi
1101 1852 1167 1897 68,
1201 1853 1308 1900 quod
1332 1853 1379 1888 de
1402 1852 1559 1889 Christo

240 1910 404 1947 dicitur:
428 1910 572 1945 “Zelus
595 1910 736 1945 domus
760 1917 825 1944 tue
849 1909 1067 1945 commedit
1090 1909 1195 1946 me.‘⁷
1222 1910 1297 1946 Ubi
1320 1919 1429 1958 patet
1453 1911 1559 1958 quod

241 1968 420 2005 Christus
454 1967 670 2015 alloquitur
693 1967 810 2003 deum
835 1975 990 2014 patrem
1014 1980 1086 2014 pro
1109 1967 1256 2016 iniquis
1286 1968 1560 2005 sacerdotibus

241 2028 289 2064 de
312 2039 382 2062 sua
406 2025 585 2066 ecclesia,
609 2038 781 2073 quorum
804 2025 957 2061 fervens
980 2025 1130 2062 invidia
1145 2025 1347 2062 Christum
1372 2026 1559 2069 comedit,

185 2088 225 2119 30
242 2085 403 2133 quando
449 2083 530 2119 eius
580 2083 701 2119 vitam
755 2082 991 2119 menciendo
1045 2084 1232 2130 corrodit,
1285 2085 1346 2120 vel
1399 2086 1560 2132 quando

242 2142 459 2188 Christum,
483 2141 550 2189 qui
574 2142 793 2177 secundum
818 2141 1043 2188 apostolum
1067 2152 1088 2177 2
1107 2143 1197 2178 Cor.
1218 2143 1235 2178 5
1256 2151 1312 2178 est
1335 2152 1558 2190 peccatum,

241 2201 280 2237 id
333 2209 390 2237 est
440 2199 597 2236 oblacio
657 2212 729 2247 pro
788 2208 967 2247 peccato,
1028 2199 1202 2236 comedit
1253 2199 1294 2236 in
1345 2200 1559 2248 pinguibus

240 2257 515 2295 oblacionibus
555 2257 732 2294 fidelium
767 2266 803 2293 et
836 2257 965 2294 reddit
998 2257 1103 2306 plebi
1132 2257 1320 2294 viaticum
1354 2259 1450 2307 legis
1483 2259 1559 2295 dei.

239 2318 301 2353 Ad
339 2329 458 2365 quem
503 2329 661 2353 sensum
704 2315 862 2363 exponit
906 2317 1044 2352 beatus
1078 2316 1291 2364 Gregorius
1325 2317 1484 2353 Omelia
1513 2329 1558 2364 17

183 2378 224 2410 35
240 2388 359 2423 super
392 2374 607 2422 ewangelia
638 2373 736 2410 illud
770 2374 872 2410 Osee
905 2386 949 2419 4:
997 2376 1179 2411 ‘Peccata
1212 2374 1350 2422 populi
1385 2375 1462 2412 mei
1497 2388 1560 2411 co-

241 2434 432 2471 medunt.'
458 2435 506 2469 Et
520 2433 624 2469 istud
641 2440 697 2468 est
714 2444 800 2467 esus
816 2431 1082 2480 turpissimus,
1107 2432 1200 2481 quia
1215 2433 1346 2480 primo
1358 2433 1559 2469 Christum

310 2552 330 2571 1.
346 2548 377 2572 ut
391 2553 439 2571 om
466 2545 485 2572 i.
558 2553 586 2577 4.
604 2544 762 2571 humiliter
782 2545 885 2572 celeri.
959 2543 984 2571 5.
1006 2543 1171 2579 gentilibus
1192 2545 1211 2571 ι’.
1285 2545 1313 2572 6.
1330 2545 1494 2580 figuratum
1516 2545 1559 2572 be.

242 2581 282 2606 10.
305 2579 379 2606 fines
398 2579 435 2609 lz:
454 2579 492 2607 ib.
513 2578 619 2606 innod.
640 2579 669 2611 i;
688 2578 873 2606 indurantur
892 2579 996 2606 ceteri.
1063 2587 1104 2612 14.
1126 2586 1199 2613 ergo
1219 2579 1348 2613 codices,
1360 2583 1440 2619 puto
1459 2583 1561 2607 aulem

240 2618 296 2641 etc.
311 2613 485 2641 addendum
505 2622 572 2641 esse
592 2616 624 2640 ut
636 2622 670 2649 p.
687 2621 730 2647 12,
745 2621 786 2650 9;
804 2614 842 2641 ib.
859 2622 872 2641 1
887 2613 1000 2641 nedum
1021 2620 1082 2640 om.
1102 2613 1195 2648 adeg.
1264 2622 1303 2649 17.
1320 2623 1421 2650 prlma
1440 2614 1561 2642 iusticia

241 2648 345 2679 celeri,
367 2656 499 2683 persona
519 2649 561 2675 al.
582 2656 619 2675 m.
641 2656 724 2676 corr.
746 2656 783 2676 ex
803 2649 904 2684 prima
924 2648 953 2675 d.
1080 2648 1120 2676 18.
1142 2648 1180 2675 Et
1200 2648 1258 2675 hoc
1278 2654 1428 2684 quantum
1455 2649 1559 2676 ceteri.

242 2690 285 2709 22.
301 2682 402 2717 quoad
423 2691 480 2710 om.
502 2683 594 2716 bde9;
613 2682 651 2709 ib.
673 2687 813 2710 sanctum
834 2691 892 2710 om.
914 2682 941 2710 Ιι.
1006 2683 1045 2711 31.
1061 2689 1075 2710 2
1096 2683 1114 2709 Ιι
1133 2683 1231 2710 solum
1251 2683 1380 2711 exhibet.
1442 2684 1486 2711 32.
1503 2683 1561 2711 hoc

242 2722 287 2744 cst
307 2717 410 2745 ceteri⁴
489 2717 531 2745 33.
553 2717 698 2745 viaticum
719 2718 748 2750 i‚·
767 2718 798 2744 in
819 2720 902 2745 textu
923 2721 1063 2751 matrem,
1084 2718 1125 2744 al.
1147 2725 1184 2744 m.
1205 2717 1351 2746 viaticum
1371 2727 1410 2752 α,·
1431 2723 1560 2746 matrem

242 2751 323 2788 dfg;
343 2751 471 2779 maciem
492 2752 572 2780 [ποθὴ.
645 2750 692 2787 34.
721 2753 826 2780 beatus
847 2753 860 2780 z·
876 2753 984 2780 solum.
1057 2751 1104 2780 36.
1126 2751 1182 2779 iste
1202 2753 1306 2780 ceteri.

319 2835 345 2856 1.
373 2824 457 2856 Luc.
484 2835 513 2865 2,
545 2835 595 2866 14.
689 2823 722 2857 8.
753 2836 762 2856 1
793 2824 871 2857 Joh.
900 2835 929 2865 2,
962 2824 1010 2864 15,
1043 2824 1092 2856 18.
1182 2824 1232 2856 18.
1260 2825 1312 2857 Cf.
1339 2836 1418 2868 pag.
1443 2824 1464 2856 8
1490 2830 1560 2856 not.

243 2871 294 2902 De
333 2871 494 2911 Avaritia,
534 2881 612 2913 pag.
639 2869 710 2913 73¹³.
853 2870 906 2903 25.
943 2871 1020 2904 Joh.
1060 2881 1089 2910 2,
1134 2881 1183 2913 17,
1226 2881 1280 2903 20.
1319 2873 1373 2903 Ps.
1412 2871 1466 2911 (38,
1511 2882 1561 2902 10.

245 2918 298 2950 31.
319 2927 334 2949 2
357 2917 453 2948 Corr.
481 2918 510 2956 ὁ,
539 2927 592 2949 21.
664 2918 717 2958 34.
735 2917 861 2960 Migne,
887 2918 909 2948 1.
929 2928 957 2949 c.
976 2916 1029 2961 76,
1055 2927 1137 2959 1142
1158 2916 1220 2959 (8).
1294 2917 1348 2951 35.
1367 2919 1459 2950 Osee
1476 2927 1508 2958 4,
1527 2916 1559 2950 8.

1792 291 1831 314 11

1584 1387 1759 1415 Simoniacs
1779 1395 1827 1414 arc

1614 1430 1712 1449 worse
1733 1422 1805 1449 thau

1641 1457 1780 1484 Iscariot.
