2002 3359
255 609 269 640 5

235 908 272 930 XO

234 1188 268 1220 13

231 2064 273 2096 30

286 264 374 292 cAv.
389 252 457 309 Ν]
798 261 856 293 DE
884 261 1086 294 SIMONIA.

286 374 343 408 De
376 369 691 407 Consecracione
724 367 962 404 distincione
998 368 1038 403 5:
1085 369 1188 403 ‘Non
1222 366 1503 413 mediocriter‚’
1538 367 1596 402 in-

286 429 384 477 quit,
430 432 562 473 ‘errat‚
597 427 663 475 qui
698 425 824 473 magis
859 427 962 461 bono
995 426 1142 472 prefert
1177 424 1377 460 mediocre
1411 425 1596 467 bonum';

286 497 323 524 et
368 487 585 523 concordat
626 484 732 521 racio
771 483 976 520 naturalis.
1025 483 1154 519 Minor
1197 491 1331 518 autem
1373 482 1599 530 argumenti

286 553 395 593 patet
434 557 477 580 ex
518 545 592 580 hoc
631 543 738 591 quod
778 543 873 577 deus
912 553 991 575 non
1026 550 1154 588 potest
1188 540 1332 587 eligere
1366 540 1441 576 nisi
1474 540 1600 587 magis

287 612 423 650 aptum
465 603 515 638 ad
553 601 728 638 officium
764 600 813 634 ad
847 600 953 645 quod
988 598 1071 645 ipse
1111 598 1232 645 eligit,
1273 612 1363 634 cum
1404 611 1474 634 sua
1514 611 1601 645 pre-

288 661 437 708 posicio
462 659 554 696 facit
578 658 703 705 magis
726 658 946 704 ydoneum3
981 665 1017 692 et
1051 656 1164 692 aliter
1197 658 1292 692 deus
1317 665 1417 692 esset
1441 655 1603 692 irracio—

287 719 386 754 nalis
419 718 499 754 sive
532 717 685 753 stultus.
721 717 816 750 Item
846 714 1117 750 modificando
1152 714 1397 750 habilitatem
1433 726 1602 761 persone

287 786 328 812 ut
367 784 524 823 oportet
563 776 612 810 ad
656 772 833 809 officium
879 773 928 808 ad
973 774 1081 820 quod
1125 771 1296 819 eligitur,
1342 781 1449 820 patet
1494 773 1599 819 quod

287 847 367 870 non
411 833 557 869 sufficit
597 831 834 868 electoribus
873 830 1018 877 eligere
1058 842 1269 877 personam
1309 831 1455 866 bonam
1494 838 1602 877 post-

287 893 473 940 ponendo
512 890 630 927 aliam
672 888 797 936 magis
831 889 974 924 bonam
1011 890 1060 924 ad
1093 888 1170 924 tale
1204 887 1397 928 officium,
1445 887 1538 935 quia
1572 887 1601 922 si

287 950 335 986 sit
375 950 451 986 alia
493 948 618 996 magis
651 949 805 995 ydonea
837 948 887 982 ad
920 946 1018 981 illud
1051 946 1244 989 officium,
1279 947 1374 981 deus
1408 946 1474 993 qui
1509 945 1603 981 facit

287 1008 397 1043 illum
422 1009 637 1055 ydoneum„
671 1014 782 1053 aptat
814 1017 1026 1052 personam
1060 1003 1169 1040 illam
1204 1005 1253 1040 ad
1286 1004 1382 1039 illud
1408 1003 1600 1046 officium,

286 1075 322 1102 et
362 1078 431 1113 per
471 1077 718 1112 consequens
757 1064 839 1099 vult
879 1063 1012 1107 finem,
1058 1062 1191 1109 gracia
1233 1062 1343 1097 cuius
1383 1061 1437 1097 sic
1471 1069 1602 1109 aptat3

286 1124 349 1160 ille
383 1136 475 1171 ergo
509 1123 575 1171 qui
615 1123 777 1158 frustrat
809 1120 1061 1168 aptacionem
1098 1129 1133 1156 et
1166 1121 1411 1156 voluntatem
1447 1119 1522 1166 dei,
1564 1119 1601 1154 in

286 1182 361 1218 isto
386 1182 478 1218 facit
511 1180 699 1216 indebite.
735 1179 799 1215 Sic
823 1178 926 1215 enim
952 1187 1085 1226 posset
1119 1187 1227 1214 cetus
1263 1179 1480 1214 electorum
1514 1191 1602 1225 pre-

286 1240 354 1276 lati
378 1253 456 1276 una
479 1239 562 1275 vice
585 1238 790 1286 paululum
808 1237 961 1273 variare
985 1238 1033 1272 ab
1057 1236 1316 1272 ordinacione
1341 1245 1377 1271 et
1393 1235 1602 1272 volucione

287 1297 420 1334 divina
444 1306 481 1334 et
504 1296 601 1333 alias
633 1296 776 1332 iterum
812 1304 967 1331 tantum
1001 1294 1214 1335 declinare,
1249 1303 1285 1330 et
1309 1294 1362 1329 sic
1388 1293 1600 1341 paulative‚

286 1368 494 1404 quousque
534 1354 717 1391 habuerit
750 1352 1145 1400 indispositissimum
1180 1352 1219 1387 in
1264 1353 1476 1400 prelatum.
1512 1353 1602 1387 Per-

286 1427 384 1450 sona
408 1414 527 1457 enim,
562 1425 638 1461 que
662 1424 767 1448 nunc
791 1420 848 1447 est
880 1410 1053 1459 prescita
1076 1423 1160 1446 esse
1184 1412 1407 1446 membrum
1440 1409 1602 1453 diaboli,

287 1481 343 1508 est
367 1472 499 1508 statim
524 1480 612 1519 post
631 1470 867 1518 nephandus
886 1468 1094 1518 yppocrita
1117 1470 1347 1504 subvertens
1372 1468 1601 1509 ecclesiam;

288 1539 324 1566 et
357 1530 431 1566 isto
456 1531 574 1566 modo
599 1528 773 1565 creditur
796 1528 844 1564 de
877 1527 1076 1564 eleccione
1108 1539 1209 1574 pape
1243 1535 1280 1562 et
1313 1526 1483 1562 aliorum
1516 1539 1604 1574 pre—

286 1589 459 1625 latorum
476 1587 652 1632 ecclesie,
670 1585 801 1634 quein
817 1598 962 1634 penam
981 1585 1134 1633 peccati
1158 1584 1302 1632 prioris
1320 1584 1603 1620 deteriorando

286 1646 477 1694 procedit.
501 1644 612 1691 Quis,
629 1645 808 1692 inquam,
833 1643 905 1679 scit
929 1642 1175 1679 habilitatem
1200 1652 1237 1678 et
1259 1642 1602 1690 perseveranciam

287 1704 430 1752 prelati
475 1704 514 1740 in
560 1705 723 1749 bonum,
767 1702 827 1738 vel
874 1701 1132 1738 calliditatem
1167 1701 1263 1743 eius,
1309 1713 1387 1749 qua
1420 1702 1603 1736 nocendo

255 1762 451 1800 :ecclesie
492 1761 789 1798 correccionem
822 1773 903 1796 non
935 1759 1148 1807 suscipiet?
1194 1761 1290 1795 Item
1330 1772 1421 1806 sepe
1461 1767 1516 1794 est
1556 1759 1603 1794 de

287 1822 490 1857 voluntate
523 1819 657 1856 divina
689 1819 728 1854 in
762 1831 907 1866 penam
941 1817 1095 1866 peccati
1128 1817 1265 1865 populi
1299 1818 1393 1853 dare
1427 1816 1481 1852 eis
1515 1829 1603 1864 pre-

287 1879 412 1915 latum
445 1878 663 1927 prescitum
697 1878 926 1924 reprobum,
961 1885 1004 1911 ut
1036 1883 1146 1923 patet
1170 1876 1217 1911 de
1241 1876 1336 1911 Saul
1369 1875 1501 1911 futuro
1534 1874 1602 1910 tali

288 1937 413 1973 electo
436 1949 459 1972 a
481 1936 645 1973 domino
671 1948 681 1970 1
714 1937 804 1982 Reg.
829 1935 865 1981 8,
890 1946 1009 1982 quem
1033 1934 1130 1969 deus
1153 1933 1249 1969 dixit
1271 1946 1341 1981 per
1364 1934 1603 1980 prophetam

289 1996 390 2031 Osee
420 1995 462 2030 13
500 1994 540 2030 in
573 1994 707 2029 furore
740 2005 811 2029 suo
851 2005 891 2028 se
931 1993 1118 2028 daturum
1159 1992 1322 2039 populo.
1369 1992 1469 2027 Cum
1510 2003 1603 2038 ergo

289 2053 480 2089 electores
523 2052 712 2100 ignorant
744 2051 991 2087 voluntatem
1036 2049 1189 2085 domini
1222 2058 1260 2085 et
1293 2048 1602 2096 disposicionem

289 2110 440 2159 populi,
473 2110 629 2147 videtur
660 2108 877 2145 temeraria
909 2107 1164 2157 presumpcio
1189 2108 1238 2142 ad
1263 2106 1482 2143 elecciones
1506 2107 1603 2142 tales

288 2170 524 2217 procedere;
559 2177 595 2204 et
629 2180 699 2216 per
732 2179 978 2215 consequens
1011 2178 1116 2214 papa
1148 2165 1348 2213 accipiens
1381 2166 1530 2201 nedum
1562 2164 1603 2200 in

288 2239 502 2275 personam
541 2239 651 2263 suam
701 2225 859 2261 unicam
899 2225 996 2260 illud
1036 2236 1136 2260 onus
1175 2223 1397 2259 arbitrandi
1429 2220 1603 2271 prelatos

360 2405 380 2425 1.
407 2396 556 2424 mediocr.
586 2396 713 2431 bonum,
741 2395 842 2431 inquit
866 2403 896 2429 α,
924 2398 1027 2422 errant
1055 2394 1158 2421 ceteri.
1268 2401 1293 2420 2.
1322 2393 1480 2428 preferunt
1499 2392 1602 2419 ceteri.

289 2432 318 2465 6,
350 2441 376 2469 7.
414 2431 607 2459 irracionalis
638 2431 685 2465 elz,
725 2438 807 2458 corr.
840 2437 878 2457 ex
909 2429 1134 2457 irracionabilis
1166 2429 1196 2463 d,
1235 2428 1460 2455 irracionabilis
1498 2427 1602 2454 ceteri.

289 2475 318 2502 9.
339 2467 519 2494 hominibus
535 2473 598 2501 pro
619 2466 703 2493 elect.
723 2475 750 2499 9,
772 2466 856 2492 hom.
878 2472 960 2491 corr.
982 2464 1013 2491 in
1033 2464 1118 2490 elect.
1139 2471 1170 2490 α.
1271 2471 1311 2490 10.
1334 2463 1471 2490 officium
1492 2469 1550 2489 om.
1573 2462 1602 2488 lz.

289 2510 324 2535 11,
346 2509 384 2529 12.
406 2501 482 2528 deus
500 2516 535 2520 -
555 2500 692 2528 officium
714 2502 744 2527 in
765 2508 861 2532 mara.
882 2499 911 2531 d,
934 2507 991 2526 om.
1004 2498 1037 2534 f.
1165 2506 1202 2525 12.
1224 2497 1353 2533 gradum
1374 2497 1530 2533 ydoneum
1551 2497 1602 2523 αἸι.

289 2545 331 2570 ¹4-
347 2536 543 2572 optacionem
559 2535 600 2568 by.
615 2542 698 2562 corr.
715 2535 746 2562 in
761 2534 954 2570 aptacionem
971 2542 1001 2560 α.
1064 2533 1101 2561 15.
1119 2534 1142 2560 si
1156 2543 1182 2566 9,
1196 2541 1279 2560 corr.
1295 2533 1326 2559 in
1342 2532 1385 2559 sic
1399 2539 1429 2564 a,
1447 2536 1551 2567 posset
1566 2531 1604 2562 11,-

289 2579 371 2598 corr.
398 2578 436 2598 ex
459 2575 563 2610 potest
588 2570 618 2601 d,
644 2573 746 2605 potest
772 2569 886 2601 ceteri;
911 2569 949 2596 ib.
976 2576 1067 2595 cecus
1092 2576 1123 2595 a.
1250 2568 1291 2595 16.
1318 2566 1471 2594 volicione
1497 2566 1601 2593 ceteri.

291 2613 330 2640 ¹7.
352 2605 499 2640 paulatlm
515 2613 539 2633 c.
602 2604 641 2632 18.
663 2604 795 2631 habeant
808 2612 855 2637 aq,
876 2603 982 2630 habuit
996 2604 1021 2634 b,
1042 2603 1204 2630 habuerint
1218 2611 1242 2630 e.
1312 2610 1353 2636 19.
1375 2605 1421 2628 est
1441 2601 1520 2628 bona
1537 2609 1604 2636 pre-

290 2641 472 2668 scitaomnes
484 2642 592 2675 preter
605 2640 625 2666 i.
681 2646 724 2666 22.
747 2638 997 2666 deteriorandum
1018 2646 1050 2673 g,
1073 2638 1145 2664 dum
1168 2645 1250 2664 corr.
1272 2638 1303 2664 in
1324 2639 1364 2664 do
1384 2644 1414 2663 a.
1471 2634 1514 2662 23.
1535 2640 1563 2662 et
1583 2636 1600 2662 Ιι

287 2675 396 2702 solum.
478 2682 525 2707 24.
546 2674 606 2701 illis
625 2681 684 2709 pro
705 2673 770 2701 eius
790 2674 819 2700 lt.
901 2672 947 2700 28.
968 2681 1029 2708 quo
1048 2681 1080 2708 g,
1102 2680 1185 2699 corr.
1207 2672 1237 2699 in
1258 2679 1349 2707 quern
1370 2679 1409 2703 α,·
1427 2678 1490 2706 pro
1511 2670 1602 2697 deus:

290 2710 436 2737 dominus
457 2709 569 2741 ceteris
591 2708 668 2736 dixit
682 2717 714 2744 g,
734 2716 816 2735 corr.
833 2708 864 2735 in
884 2707 968 2735 dedit
982 2715 1012 2741 a,
1034 2706 1119 2734 dedit
1132 2707 1236 2734 ceteri.
1291 2705 1335 2734 32.
1352 2705 1466 2732 nedum
1481 2704 1604 2740 om.fg,

290 2745 331 2771 al.
353 2753 391 2772 m.
412 2752 445 2778 a,
465 2743 617 2779 recipiens
637 2743 742 2770 ceteri.

365 2851 391 2873 1.
425 2827 530 2882 Corp.
556 2840 618 2871 iur.
646 2849 720 2871 can.
751 2840 772 2880 1,
805 2838 901 2880 1418,
927 2838 1063 2870 Decreti
1091 2837 1135 2869 Ill
1162 2847 1241 2879 pars
1267 2838 1311 2878 (c.
1339 2846 1392 2877 24,
1419 2837 1459 2868 D.
1486 2836 1526 2875 V,
1554 2836 1604 2867 De

291 2886 482 2926 Consecr.).
580 2885 633 2918 28.
660 2886 671 2916 I
698 2886 784 2927 Reg.
810 2884 841 2925 8,
867 2895 900 2916 v.
926 2884 947 2917 6
973 2894 1073 2927 seqq.
1171 2893 1223 2927 29.
1256 2884 1348 2915 Osee
1379 2883 1429 2924 13,
1461 2892 1510 2914 11.

1833 266 1885 300 47

1624 1299 1709 1327 Once
1730 1301 1812 1327 leave
1833 1301 1894 1328 this

1649 1336 1711 1362 rule
1732 1337 1790 1363 and
1813 1337 1863 1363 the

1643 1371 1788 1397 standard
1811 1375 1875 1405 gets

1672 1406 1765 1432 lower
1785 1406 1844 1432 and

1707 1441 1812 1467 lower.
