2002 3359
224 910 263 930 10

222 1189 258 1222 15

217 1491 260 1512 20

280 252 467 310 CAP.V11.]
791 264 848 298 DF:
876 264 1076 297 stMoNJA.

279 374 380 410 sicut
413 373 517 410 enim
552 373 765 410 casualiter
798 382 1043 421 pauperatur
1076 373 1131 408 sic
1166 372 1370 409 meritorie
1394 372 1588 420 paciatur.

279 435 375 468 Item
402 445 494 468 casu
519 432 639 469 seculi
659 432 719 468 vel
743 441 884 468 eventu
903 431 975 467 celi
995 440 1126 479 potest
1149 431 1362 467 cenobium
1388 431 1590 479 indisponi

280 491 448 526 faciliter
492 499 535 526 ut
581 490 630 526 sit
674 490 860 537 inpotens
905 491 954 526 ad
1000 489 1303 525 retribuendum
1348 490 1590 538 temporalia

279 561 355 596 que
389 548 444 585 sic
477 548 625 584 vendit.
671 550 771 584 Nam
813 547 852 584 in
892 547 1123 583 mercandia
1164 548 1266 584 civili
1307 560 1443 584 emens
1485 548 1591 596 capit

280 607 506 643 comuniter
544 615 672 642 totum
715 615 891 653 emptum
935 605 1053 641 simul
1095 605 1205 652 prius
1246 618 1365 654 quam
1407 608 1472 642 det
1505 619 1592 654 pre-

280 665 398 702 cium.
464 665 540 700 Sed
586 664 623 699 in
670 663 745 699 ista
790 663 1072 699 comutacione
1118 664 1240 700 stulta
1284 664 1467 700 vendicio
1513 677 1593 699 non

279 722 425 758 sufficit
458 734 690 758 assecurare
723 731 937 765 ementem,
982 723 1050 757 sed
1084 731 1277 769 patronus
1311 731 1467 758 tenetur
1501 735 1594 758 con-

279 790 450 816 tractum
498 781 545 816 de
591 779 810 816 elemosina
859 792 929 816 sua
975 779 1204 825 dissolvere,
1249 789 1285 816 et
1330 779 1385 816 sic
1438 780 1593 828 privato

279 847 460 886 emptore
508 837 708 883 corrodio,
763 839 925 885 quando
979 846 1210 874 contractus
1264 838 1366 874 foret
1418 838 1591 883 illicitus,

278 909 483 944 nunquam
525 905 703 943 gustaret
743 895 895 944 aliquid
937 897 984 931 de
1024 895 1213 932 corrodio
1247 897 1353 944 quod
1387 896 1442 932 sic
1476 896 1591 938 emit:

277 954 367 990 ideo
408 954 553 990 dicitur
593 955 700 1002 quod
740 963 957 1002 antequam
998 963 1244 1002 pauperatus
1284 955 1432 990 faceret
1470 955 1590 991 talem

277 1021 544 1057 contractum,
591 1011 843 1060 permitteret
889 1021 925 1048 et
970 1021 1206 1060 procuraret
1251 1021 1377 1048 totam
1424 1014 1591 1048 domum

276 1083 387 1106 suam
414 1070 577 1106 dissolvi
602 1070 640 1106 in
663 1071 798 1106 seculo
822 1071 1032 1107 relevatus.
1063 1070 1241 1106 Primum
1266 1070 1370 1107 enim
1397 1080 1592 1118 repugnat

276 1128 351 1176 legi
397 1128 458 1164 dei
503 1128 707 1165 involvens
753 1138 961 1176 peccatum
1004 1129 1110 1176 quod
1157 1129 1279 1164 homo
1324 1142 1404 1164 non
1444 1129 1592 1165 faceret

276 1187 402 1223 eciam
437 1200 510 1234 pro
543 1186 771 1223 salvacione
804 1186 933 1223 tocius
968 1186 1120 1231 mundi,
1161 1196 1312 1235 quanto
1353 1187 1479 1235 magis
1518 1199 1590 1234 pro

276 1244 503 1281 salvacione
527 1257 628 1281 nove
652 1244 953 1281 adinvencionis
987 1246 1163 1280 humane
1196 1246 1315 1281 stulte
1348 1245 1465 1288 facte,
1500 1258 1589 1281 cum

275 1315 356 1338 non
396 1302 445 1339 sit
489 1303 757 1350 exemplatum
804 1303 843 1338 in
882 1304 966 1350 lege
1006 1302 1153 1338 Christi
1199 1305 1305 1351 quod
1352 1303 1448 1339 fiant
1493 1304 1591 1339 tales

275 1369 467 1408 perpetue
501 1360 718 1397 elemosine
751 1360 917 1409 private,
958 1361 1048 1397 ideo
1089 1360 1251 1397 indubie
1284 1361 1493 1398 ordinacio
1528 1361 1590 1397 dei

276 1419 377 1455 foret
409 1418 669 1467 undiquaque
704 1418 845 1455 melior
878 1428 920 1455 ut
953 1428 1062 1467 patet
1095 1418 1202 1456 alibi.
1240 1421 1353 1456 Unde
1376 1419 1589 1456 consilium

277 1489 380 1525 pape
411 1477 637 1525 predictum
679 1477 849 1513 dictaret
882 1477 978 1513 talia
1012 1476 1166 1525 privata
1200 1478 1478 1514 conventicula
1513 1477 1591 1513 dis-

275 1534 387 1581 solvi,
422 1548 510 1571 cum
538 1535 733 1584 dissipant
757 1536 882 1583 legem
911 1535 1071 1571 Christi.
1107 1536 1183 1571 Sed
1208 1535 1448 1572 dimittendo
1473 1535 1588 1572 istam

276 1593 486 1629 materiam
512 1593 809 1641 particulariter
831 1593 959 1641 ipsam
994 1593 1263 1637 studentibus,
1296 1596 1405 1642 patet
1441 1602 1590 1642 quanta

274 1651 458 1699 symonia
510 1651 735 1688 comittitur
781 1664 802 1688 a
848 1651 1044 1699 religiosis
1090 1652 1256 1699 prelatis
1300 1654 1349 1688 ad
1394 1652 1591 1700 prelacias

274 1709 559 1757 aspirantibus,
595 1710 689 1758 quia
722 1719 921 1759 quotquot
949 1710 1165 1758 temporali
1201 1723 1379 1754 munere,
1414 1711 1591 1746 humano

274 1767 408 1804 favore
440 1768 501 1804 vel
539 1768 673 1804 medio
708 1769 914 1804 mundano
947 1767 1146 1804 voluerint
1179 1768 1235 1804 sic
1268 1769 1406 1816 prefici
1448 1768 1487 1805 in
1519 1781 1591 1804 suo

274 1825 429 1870 ordine,
462 1835 655 1875 tanquam
691 1826 983 1862 excomunicati
1017 1826 1181 1862 heretici
1205 1826 1413 1863 incurrunt
1437 1827 1589 1874 lepram

272 1884 546 1931 symoniacam
572 1884 612 1920 in
635 1885 828 1932 ingressu,
863 1892 899 1920 et
922 1884 978 1920 sic
1009 1884 1135 1921 eciam
1159 1884 1389 1933 quicunque
1412 1883 1591 1921 novicius

273 1941 443 1989 cupierit
487 1943 606 1979 talem
655 1942 836 1979 ordinem
886 1951 1053 1990 propter
1097 1942 1271 1991 quietem
1322 1943 1589 1991 temporalem

273 2012 340 2036 seu
387 2001 657 2048 corporalem,
703 2010 869 2049 propter
914 2001 1067 2036 lautum
1114 2010 1272 2049 pastum
1318 2002 1379 2037 vel
1425 2010 1591 2049 propter

274 2059 520 2094 mundanam
575 2058 858 2095 excellenciam
911 2059 1017 2095 ultra
1066 2060 1141 2095 hoc
1186 2060 1294 2107 quod
1340 2061 1506 2095 haberet
1550 2058 1589 2094 in

272 2117 420 2161 seculo,
462 2125 519 2152 est
560 2116 694 2152 statim
739 2116 1009 2164 symoniacus,
1051 2117 1145 2165 quia
1177 2117 1427 2165 spiritualem
1464 2116 1591 2164 digni-

272 2183 394 2210 tatem
419 2174 480 2210 vel
502 2183 651 2210 statum
676 2175 829 2211 ordinis
854 2174 963 2223 cupit
988 2175 1136 2211 nimius
1164 2175 1392 2211 inordinate
1425 2184 1591 2223 propter

273 2233 489 2268 comodum
545 2233 783 2281 temporale.
839 2234 930 2269 Ideo
974 2233 1115 2269 vellem
1170 2242 1330 2270 nostros
1382 2234 1590 2269 consulere

272 2290 456 2338 spiritum
482 2300 665 2327 sanctum
696 2299 914 2340 antequam
948 2291 1144 2327 intrarent
1166 2292 1286 2328 talem
1321 2291 1524 2335 ordinem3
1559 2291 1590 2327 si

342 2420 357 2440 2
389 2413 551 2441 casualiter
571 2414 616 2440 vel
637 2421 693 2447 ag.
714 2414 829 2441 casuali
850 2414 902 2446 bc,·
921 2422 994 2441 casu
1011 2413 1102 2441 simili
1118 2414 1170 2445 αι’,-
1189 2414 1226 2440 ib.
1242 2414 1295 2441 celi
1312 2415 1398 2445 cdeh,
1419 2414 1469 2441 tali
1486 2414 1589 2441 ceteri.

271 2456 300 2479 4.
318 2448 508 2475 mei-cacione
521 2449 540 2479 ι’,
556 2457 638 2476 corr.
653 2457 691 2476 ex
705 2450 882 2476 mercandia
896 2457 926 2476 α.
982 2450 1010 2477 6.
1027 2449 1169 2476 venditor
1183 2449 1288 2476 ceteri.
1345 2457 1372 2484 9.
1389 2454 1529 2484 emptore
1543 2450 1589 2482 cll,

272 2490 353 2510 corr.
375 2490 413 2510 ex
431 2484 581 2518 emptoris
601 2484 631 2515 d,
652 2484 804 2519 emptoris
824 2484 929 2511 ceteri.
1035 2492 1076 2510 10.
1097 2483 1149 2518 qui
1171 2484 1215 2510 sic
1235 2484 1340 2510 ceteri.
1446 2492 1478 2511 ιι.
1501 2487 1586 2519 quod

270 2517 311 2543 al.
327 2525 364 2543 m.
380 2517 419 2547 lt,-
438 2518 476 2544 ih.
499 2522 697 2552 paupertetur
717 2518 806 2554 ahfg,
828 2528 856 2551 p.
878 2526 936 2545 om.
953 2527 977 2545 e.
1035 2526 1071 2545 12.
1094 2522 1191 2553 perm.
1208 2519 1254 2549 elz,
1278 2519 1471 2553 promitteret
1485 2520 1589 2547 ceteri.

273 2550 309 2578 13.
339 2552 512 2579 ministerio
538 2553 585 2580 dei
608 2561 670 2588 pro
691 2553 720 2580 in
742 2561 801 2580 sec.
823 2555 937 2585 celeri:
962 2554 999 2580 ib.
1023 2555 1174 2580 revelatus
1203 2553 1258 2588 hsi.
1284 2561 1366 2580 corr.
1388 2554 1419 2580 in
1448 2555 1538 2582 revel.
1559 2554 1587 2581 d.

273 2594 313 2618 ¹4-
336 2586 393 2621 legi
414 2587 477 2614 celz.
498 2588 594 2622 legem
615 2588 720 2615 celeri.
785 2587 820 2615 15.
844 2597 889 2623 pr.
912 2597 935 2615 s.
957 2597 991 2615 ec
1021 2589 1041 2615 i.
1100 2589 1138 2615 18.
1162 2588 1267 2622 populi
1289 2596 1348 2619 pro
1372 2597 1457 2623 perp.
1478 2590 1588 2625 abefg.

273 2628 314 2654 it).
331 2629 392 2655 pro
407 2621 514 2657 undiq.
535 2627 693 2657 tamquam
714 2623 825 2659 abc-eg.
847 2623 919 2650 und.
942 2631 1024 2650 corr.
1042 2631 1080 2650 ex
1099 2627 1258 2658 tamquam
1273 2623 1312 2654 d:
1331 2623 1368 2649 ih.
1387 2621 1589 2660 medium'bg,

271 2663 353 2682 corr.
375 2656 404 2682 in
426 2656 535 2683 melior
554 2657 606 2683 ad.
685 2665 730 2684 20.
754 2657 890 2692 predicta
911 2666 1001 2685 conv.
1023 2658 1042 2684 i.
1123 2665 1161 2684 21.
1184 2657 1257 2684 Chr.
1279 2658 1307 2686 Ιι,
1330 2658 1404 2685 Chr.
1427 2662 1455 2684 et
1476 2659 1522 2685 dei
1544 2659 1589 2694 ds.

271 2689 318 2717 dei
340 2691 443 2718 ceteri.
542 2698 585 2718 22.
607 2692 687 2718 stud.
711 2693 774 2723 cell,
797 2693 1006 2720 scrutantibus
1026 2693 1132 2719 celeri.
1230 2699 1276 2724 24,
1298 2692 1339 2719 25.
1367 2692 1426 2719 sav.
1456 2693 1539 2720 hum.
1567 2694 1587 2720 i.

271 2725 311 2752 25.
335 2725 441 2752 mund.
464 2725 545 2752 med.
566 2727 671 2753 celeri.
767 2726 812 2759 28,
833 2734 881 2761 29.
903 2732 997 2761 temp.
1021 2735 1072 2754 seu
1095 2735 1153 2753 om.
1174 2726 1266 2762 ααζϊὲῑ.
1359 2734 1405 2761 29.
1429 2736 1480 2754 seu
1502 2736 1587 2763 corp.

271 2767 329 2786 om.
351 2767 374 2793 c,
396 2759 471 2787 alias
492 2768 577 2795 corp.
599 2761 624 2787 b.
687 2759 732 2787 30.
755 2761 922 2788 humanam
944 2770 1006 2788 exc.
1029 2770 1091 2797 ας,-
1120 2762 1156 2788 ib
1180 2762 1325 2788 haberent
1344 2769 1414 2794 aeg,
1436 2763 1541 2789 herent
1561 2771 1587 2789 e.

269 2793 308 2821 31.
330 2794 494 2829 specialem
514 2802 582 2830 ag‚·
604 2795 744 2822 ordinem
766 2805 798 2832 g,
826 2804 909 2823 corr.
943 2797 973 2823 in
994 2796 1078 2832 dign.
1099 2804 1129 2823 α.
1203 2795 1246 2823 32.
1268 2796 1405 2832 capit.f‚
1432 2798 1472 2824 al.
1494 2805 1531 2823 m.
1553 2797 1590 2829 h,-

270 2829 307 2856 ib.
330 2829 422 2856 nimis
442 2829 542 2856 inord.
565 2830 668 2866 acefg,
689 2830 763 2857 nim.
785 2838 843 2857 om.
865 2832 968 2858 ceteri.
1048 2830 1091 2858 33.
1112 2831 1184 2858 Ideo
1205 2847 1238 2849 —
1259 2839 1268 2858 1
1291 2837 1371 2866 wag.
1387 2832 1446 2864 88).
1467 2836 1588 2866 tempo-

271 2864 332 2890 rale
351 2864 392 2890 al.
409 2872 446 2890 m.
462 2864 489 2890 h.
545 2863 591 2895 34.
614 2873 638 2891 s.
654 2872 715 2899 pro
737 2865 812 2899 spir.
834 2870 930 2893 sanct.
952 2865 1025 2901 abg,
1045 2873 1129 2893 corr.
1146 2865 1176 2892 in
1198 2873 1245 2900 sp.
1267 2873 1290 2892 s.
1306 2865 1344 2897 d‚·
1364 2865 1401 2892 ib.
1418 2866 1584 2902 intraretf,

271 2906 353 2925 corr.
375 2898 405 2925 in
426 2898 540 2925 intrent
558 2898 587 2930 d,
607 2898 771 2926 introirent
791 2901 811 2926 ι’.

1829 257 1879 304 87

1625 446 1747 482 Danger
1767 449 1829 475 that
1850 458 1864 475 a

1613 483 1757 516 religion<
1777 484 1870 510 house

1617 525 1685 552 may
1709 518 1742 544 be
1765 519 1873 545 unable

1654 556 1683 578 to
1705 553 1776 579 sulii!
1801 553 1838 579 its

1664 588 1828 620 pecuniam

1630 627 1854 656 engagements.

1681 1548 1811 1584 Simony

1623 1584 1801 1610 committed
1825 1585 1862 1619 ty

1670 1618 1815 1652 religious

1651 1653 1790 1688 aspiring
1810 1658 1840 1679 to

1665 1688 1822 1722 prelacies.
