2002 3359
196 347 243 372 ¹32

192 460 237 487 He
259 466 341 488 must
363 463 464 496 resign

218 495 243 522 if
261 496 296 522 he
318 497 425 525 knows

218 530 348 569 himself
365 533 438 560 unfit

210 568 258 593 tor
279 567 328 595 the
351 569 446 596 work.

187 1507 244 1534 We·
266 1516 334 1543 may
356 1507 455 1534 desire

200 1543 249 1569 the
271 1543 357 1569 work
377 1542 411 1569 of
428 1550 443 1568 a

189 1578 313 1612 bisbop,
336 1578 387 1604 but
410 1581 461 1604 not

221 1614 270 1640 the
291 1612 425 1647 dignum

211 1648 270 1675 still
294 1649 352 1674 less
374 1655 443 1683 may

238 1691 283 1710 we
303 1682 403 1710 desire

221 1718 376 1745 sinecures
396 1725 431 1744 or

234 1752 411 1787 pluralitics.

925 347 1147 376 MJHANNIS
1176 346 1358 377 wi'cmb‘
1630 337 1733 385 [mr.
1757 344 1791 371 11.

482 454 521 489 in
554 467 624 489 suo
657 452 833 489 servicio.
870 455 917 488 Et
951 461 1057 499 patet
1091 453 1197 500 quod
1230 453 1279 488 ad
1311 452 1627 489 satisfaccionem
1662 452 1791 489 clerici

481 511 714 559 symoniaci,
749 509 816 558 qui
849 510 967 546 sentit
1000 522 1039 546 se
1071 509 1288 546 inhabilem
1323 511 1372 546 ad
1395 512 1672 558 occupandum
1696 511 1791 547 illud

481 569 671 614 officium,
706 568 922 616 requiritur
956 568 1136 604 beneficii
1169 568 1404 616 resignacio‚
1439 568 1532 616 quia
1565 569 1678 605 aliter
1703 583 1793 605 con-

480 627 589 663 tinue
622 635 847 675 perseverat
879 626 1132 673 symoniacus
1166 635 1202 662 et
1234 639 1304 674 per
1327 639 1572 674 consequens
1597 627 1793 663 hereticus

480 684 715 731 obstinatus,
749 683 964 720 committit
997 684 1102 720 enim
1136 684 1322 720 continue
1354 684 1576 732 symoniam
1611 698 1653 720 ex
1687 688 1826 721 com-'3

482 742 709 779 mutacione
754 742 809 778 rei
852 742 1085 790 temporalis
1129 751 1166 778 et
1211 742 1414 790 dignitatis
1462 742 1617 790 prelati,
1671 756 1791 790 quam

481 814 570 837 cum
605 801 725 849 gratis
759 800 978 845 continuat,
1012 813 1092 837 non
1125 800 1316 837 satisfacit
1345 800 1584 836 excuciendo
1609 801 1790 841 heresim,

479 861 545 895 sed
584 859 624 895 in
668 859 798 907 prima
843 857 1093 894 inhabilitate
1133 858 1423 895 contumaciter
1468 867 1704 906 perseverat.
1750 858 1789 894 Si

478 926 610 953 autem
650 917 759 965 prius
799 916 940 952 habilis
973 929 995 952 a
1029 929 1121 952 casu
1155 916 1223 953 fiat
1255 916 1453 962 inhabilis,
1500 918 1546 952 de
1590 916 1674 952 iure
1718 916 1789 952 soli

477 975 643 1011 ecclesia
676 984 833 1011 tenetur
865 974 938 1010 sibi
971 973 1178 1022 providere
1202 974 1242 1010 in
1264 974 1340 1011 vite
1363 974 1607 1019 necessariis,
1632 974 1790 1022 proviso
1810 988 1848 1009 10

476 1033 654 1079 omnino,
679 1034 786 1081 quod
810 1032 976 1069 ecclesia
999 1033 1046 1068 de
1079 1032 1308 1080 perficiente
1342 1033 1467 1069 curati
1500 1032 1677 1069 officium
1711 1045 1790 1068 non

476 1091 663 1139 privetur.
710 1093 789 1127 Nec
822 1091 1025 1138 pensanda
1059 1099 1115 1126 est
1148 1090 1237 1126 talis
1272 1091 1457 1127 habilitas
1498 1103 1618 1138 penes
1652 1091 1790 1126 huma-

476 1162 570 1185 num
606 1148 816 1185 arbitrium
851 1150 918 1184 sed
954 1160 1073 1196 penes
1106 1149 1234 1196 legem
1269 1162 1388 1196 quam
1429 1148 1590 1196 spiritus
1631 1158 1790 1184 sanctus

476 1207 600 1243 edidit
634 1207 673 1242 in
705 1220 776 1242 suo
810 1207 1006 1254 apostolo,
1042 1215 1083 1242 ut
1117 1206 1257 1242 diffuse
1291 1216 1400 1254 patet
1433 1206 1529 1243 alibi
1566 1208 1621 1242 De
1646 1206 1790 1242 Officio

476 1264 663 1313 Episcopi
699 1266 746 1300 Et
780 1264 931 1301 Curati.
968 1266 1048 1300 Nec
1081 1264 1164 1300 sine
1198 1265 1272 1300 hoc
1307 1264 1562 1312 cognoscitur
1594 1263 1786 1312 symonia.
1812 1268 1847 1300 15

534 1324 718 1360 Secundo
752 1322 969 1369 dubitatur,
1004 1322 1034 1358 si
1068 1322 1158 1358 licet
1191 1322 1406 1370 prelaciam
1441 1331 1641 1370 appetere,
1676 1330 1712 1357 et
1736 1321 1790 1357 vi-

477 1383 604 1427 detur,
639 1381 746 1429 quod
771 1380 839 1427 sic,
874 1381 969 1428 quia
1002 1380 1066 1416 ille
1101 1389 1157 1416 est
1190 1390 1315 1417 status
1348 1381 1545 1428 perfectus
1569 1393 1648 1428 quo
1671 1393 1789 1415 nemo

476 1439 601 1475 utitur
617 1439 691 1475 nisi
710 1439 857 1485 volens⁷
882 1451 953 1475 nec
976 1438 1067 1474 licet
1091 1438 1249 1475 mentiri
1274 1447 1437 1486 propter
1453 1438 1710 1474 devocionem
1728 1438 1788 1473 vel

479 1498 711 1534 mandatum
736 1496 831 1544 legis
858 1505 924 1533 aut
949 1496 1114 1535 domini.
1139 1498 1187 1533 Et
1211 1497 1472 1533 confirmatur
1488 1509 1530 1532 ex
1546 1495 1788 1531 diffinicione

477 1555 647 1603 apostoli
678 1554 810 1591 Thim.
851 1554 867 1590 3
907 1554 1092 1590 dicentis:
1140 1555 1233 1600 ‘Qui
1267 1555 1541 1602 episcopatum
1577 1553 1788 1599 desiderat,
1807 1567 1847 1589 20

477 1615 624 1649 bonum
670 1626 770 1661 opus
817 1612 1042 1649 desiderat.'
1098 1612 1172 1648 Hic
1220 1612 1431 1649 dicendum
1472 1621 1528 1648 est
1569 1612 1787 1648 secundum

477 1671 768 1708 Crisostomum
809 1670 966 1707 Omelia
1005 1671 1050 1707 18
1091 1670 1232 1718 Operis
1279 1670 1506 1718 inperfecti:
1559 1672 1601 1705 In
1646 1669 1789 1706 talibus

475 1729 703 1766 nominibus
737 1737 793 1765 est
827 1730 905 1764 duo
939 1728 1204 1775 considerare,
1250 1728 1399 1765 scilicet
1443 1727 1706 1764 ministerium
1753 1736 1789 1762 et

476 1787 724 1835 dignitatem.
758 1786 936 1822 Primum
961 1796 1017 1822 est
1051 1786 1372 1832 desiderandum,
1406 1795 1448 1822 ut
1470 1786 1672 1833 signanter
1694 1784 1789 1821 dicit

475 1846 691 1894 apostolus,
726 1846 792 1880 sed
826 1846 1044 1881 secundum
1079 1853 1135 1880 est
1167 1844 1412 1892 fugiendum,
1447 1853 1486 1880 at
1509 1844 1634 1879 multo
1665 1842 1789 1890 magis
1805 1848 1846 1880 25

474 1904 557 1939 sine
589 1903 722 1939 officio
756 1902 940 1950 dignita5‚
975 1915 1050 1950 que
1089 1911 1146 1938 est
1185 1902 1437 1939 mendacium
1472 1900 1656 1949 discipuli
1690 1900 1790 1936 anti-

474 1961 623 2006 christi,
671 1970 708 1996 et
740 1960 907 1997 omnino
952 1960 1153 2008 duplicata
1199 1960 1370 2008 dignitas
1415 1972 1457 1996 ex
1503 1958 1789 2006 temporalibus

473 2018 671 2064 adunatis,
696 2018 789 2067 quia
813 2019 886 2055 hoc
909 2019 1010 2054 foret
1032 2018 1256 2054 inordinate
1280 2020 1452 2066 gaudere
1478 2019 1524 2054 de
1558 2016 1788 2053 monstrosi-

474 2086 553 2114 tate
586 2075 855 2113 ordinacionis
894 2076 1059 2122 domini,
1094 2078 1200 2124 quod
1240 2076 1415 2113 defleret.
1463 2078 1510 2112 Et
1548 2084 1657 2123 patet
1690 2087 1786 2122 quo-

474 2136 593 2171 modo
626 2134 881 2182 intelligentie
913 2143 1004 2171 sunt
1035 2135 1140 2182 leges
1173 2143 1209 2172 et
1242 2134 1348 2170 dicta
1379 2144 1607 2171 sanctorum
1641 2132 1681 2168 in
1712 2132 1786 2168 ista
1804 2138 1844 2170 '30

475 2192 653 2229 materia.
703 2194 804 2228 Nam
851 2193 1040 2229 honorem
1087 2192 1348 2240 temporalem
1395 2202 1432 2228 et
1475 2191 1699 2241 specialiter
1743 2202 1786 2225 ex

475 2250 711 2287 affidacione
744 2250 907 2297 copiosa
939 2250 1219 2298 temporalium
1254 2252 1368 2287 debet
1407 2252 1527 2287 homo
1570 2249 1675 2286 nolle
1719 2248 1785 2283 sed

474 2309 607 2344 dolere
647 2307 845 2344 continue.
896 2311 944 2345 Et
988 2317 1095 2357 patet
1139 2317 1286 2356 quante
1331 2310 1471 2356 prelati
1516 2307 1678 2345 ecclesie
1716 2318 1786 2353 per

487 2475 491 2479 ⁸
542 2441 569 2468 6.
591 2441 621 2468 in
642 2442 880 2480 textzqquand0,
895 2443 936 2470 al.
951 2451 987 2469 m.
1005 2450 1097 2477 quam
1111 2451 1140 2470 α.
1213 2451 1238 2474 7.
1260 2444 1291 2471 in
1311 2447 1394 2472 textu
1414 2445 1580 2477 contineat,
1596 2447 1637 2473 al.
1654 2455 1689 2473 m.
1712 2455 1783 2474 con-

472 2480 570 2502 tinuat
589 2475 891 2515 adflcontineatfffi·
918 2477 959 2504 ib.
981 2477 1148 2504 satisfaciat
1168 2478 1227 2513 cef.
1284 2486 1312 2513 9.
1334 2479 1399 2506 iure
1418 2480 1511 2507 seculi
1533 2481 1590 2507 soli
1611 2489 1635 2512 c,
1657 2482 1713 2508 soli
1728 2483 1782 2517 gh,

472 2510 537 2537 sola
558 2513 664 2550 ceter-z.
730 2519 781 2550 ἢ11.
803 2511 834 2538 in
856 2513 939 2539 textu
959 2512 1073 2542 animo,
1093 2513 1135 2540 al.
1156 2521 1192 2539 m.
1214 2514 1342 2540 omnino
1362 2521 1400 2547 α,-
1426 2515 1554 2542 omnino
1574 2516 1654 2551 egb,-
1679 2517 1782 2545 auimo

472 2547 592 2588 c‘flerfl
607 2545 647 2572 lb.
664 2547 842 2580 proliciente
856 2554 880 2573 c.
941 2555 981 2580 14.
998 2555 1059 2582 pro
1074 2556 1146 2575 suo:
1167 2552 1273 2575 sancto
1288 2550 1391 2576 celeri.
1448 2557 1486 2584 17.
1504 2549 1546 2576 sic
1583 2550 1630 2577 uia
1645 2552 1685 2578 al.
1701 2560 1738 2578 m.
1753 2552 1781 2580 Ιι,

473 2579 512 2617 ib„
534 2587 593 2607 nisi
614 2580 720 2619 volens
740 2581 781 2608 al.
803 2589 840 2607 m.
861 2581 889 2607 Ιι.
963 2589 1001 2608 21.
1024 2581 1188 2610 dicendum
1209 2590 1290 2610 corr.
1312 2591 1350 2610 ex
1369 2584 1486 2611 dictum
1508 2592 1546 2613 a:
1566 2584 1730 2613 ticendum
1752 2587 1780 2619 ι’,-

472 2613 588 2641 dictum
609 2617 712 2653 celeri.
747 2649 751 2653 ·
786 2623 828 2642 22.
849 2616 884 2642 28
904 2616 932 2642 Ιι.
1000 2616 1040 2643 25.
1064 2617 1112 2644 1116
1132 2617 1309 2652 fugiendum
1331 2619 1474 2655 abcdqu.
1542 2624 1587 2646 20.
1610 2620 1744 2655 dignitas
1763 2622 1781 2648 Ιι

470 2648 587 2681 sollum·
612 2648 770 2683 dignitatis
790 2650 894 2677 ceteri.
969 2658 1012 2685 27.
1034 2652 1161 2679 0111111110
1181 2652 1209 2684 h,
1229 2652 1259 2679 in
1280 2655 1364 2680 textu
1384 2653 1462 2688 ideo,
1482 2654 1523 2681 al.
1544 2663 1582 2681 m.
1604 2655 1732 2682 omnino
1751 2655 1780 2690 d,

467 2683 806 2723 provomniuoqideo
831 2685 945 2717 ceteri,·
975 2685 1013 2712 ib.
1044 2686 1199 2725 duplicata
1226 2687 1267 2714 al.
1297 2695 1335 2714 m.
1365 2695 1446 2715 corr.
1478 2697 1515 2716 ex
1547 2689 1722 2729 duplicatur
1750 2691 1778 2718 d.

472 2716 514 2756 ,3²-
535 2725 566 2744 tn
587 2720 668 2744 textu
688 2718 879 2754 atfidamone,
906 2720 945 2746 al.
968 2728 1004 2747 m.
1026 2720 1188 2748 dotacione
1209 2729 1242 2753 c;
1267 2722 1371 2749 eodem
1392 2722 1482 2750 modo
1509 2724 1728 2752 rectiiicacione
1748 2725 1778 2753 d.

471 2749 513 2778 33.
535 2757 647 2786 quante
666 2753 743 2788 cqu;
764 2754 869 2788 quanti
889 2754 992 2782 celeri.

546 2833 595 2864 14.
614 2824 655 2855 V.
674 2825 856 2858 Addenda.
931 2835 983 2858 20.
1009 2827 1032 2860 Ι,
1051 2826 1142 2858 Tim.
1163 2829 1192 2867 3,
1217 2838 1242 2861 1.
1317 2838 1369 2862 22.
1397 2829 1532 2861 Locum
1556 2829 1612 2862 hic
1638 2831 1778 2864 citatum

473 2879 587 2911 neque
605 2870 638 2900 111
656 2869 811 2902 homiliis
834 2872 872 2903 18
892 2879 924 2903 et
944 2871 997 2904 28.
1017 2873 1142 2914 Operis
1162 2873 1342 2915 inperfecti
1362 2875 1518 2915 (ioannis
1538 2875 1776 2919 Chrysostomi

472 2915 576 2956 Opp„
594 2916 669 2947 t.VI
689 2917 722 2947 in
741 2918 867 2959 Migne,
883 2918 1091 2960 patrologia,
1107 2919 1224 2950 Patres
1240 2921 1377 2961 Graeci)
1396 2932 1509 2964 neque
1528 2923 1560 2953 in
1579 2922 1721 2955 homilia
1740 2936 1778 2956 10

472 2961 504 2991 in
526 2961 716 3003 Epistulam
738 2963 745 2992 1
773 2965 827 2994 ad.
846 2963 999 2996 Timoth.
1019 2975 1092 3007 cap.
1113 2967 1142 3005 δ’,
1161 2976 1192 2996 v.
1217 2977 1224 2996 1
1250 2966 1309 3007 (ib.
1329 2974 1350 2998 t.
1368 2968 1422 3007 xl,
1442 2978 1520 3010 pag.
1541 2967 1619 3010 547)
1647 2970 1773 3003 inveni.
