2002 3359
169 302 217 339 38
888 315 1112 346 JOHANNIS
1137 315 1322 347 WYCIJF
1591 302 1696 359 [CAP.
1711 313 1761 341 111.

453 419 692 468 disposicior
744 430 780 457 et
833 422 882 457 ad
937 422 1247 457 convertendum
1309 422 1501 471 populum
1556 436 1575 459 a
1629 424 1762 461 seculo

453 478 616 526 speculo
668 478 825 524 clarior,
875 491 964 515 cum
1009 478 1212 527 utrimque
1253 491 1295 515 ex
1334 480 1416 516 eius
1461 481 1660 517 contrario
1699 495 1761 519 ac-

453 536 590 573 cidunt
612 536 737 573 multa
771 536 888 573 mala.
924 538 1128 582 Quantum
1162 538 1211 573 ad
1244 538 1447 574 decretum
1481 538 1626 575 dicitur
1655 541 1761 587 quod

453 605 612 630 necesse
660 602 717 630 est
760 594 919 642 legistas
965 604 1001 631 et
1039 607 1177 631 omnes
1210 595 1345 632 fideles
1377 595 1582 644 inteligere
1616 598 1662 634 de
1695 599 1762 634 ab·

452 651 607 688 lacione
639 651 788 688 illicita.
827 653 943 696 Quod
975 654 1074 690 bene
1106 662 1219 690 notat
1252 655 1453 690 decretum
1487 667 1633 691 vocans
1665 656 1794 695 tales5

453 718 633 757 raptores
677 718 797 758 atque
841 710 1067 759 sacrilegos,
1112 724 1205 748 narn
1250 712 1433 748 auferens
1470 713 1709 760 temporalia
1741 726 1763 749 a

453 768 711 816 pseudopapa
752 777 872 816 atque
911 769 1086 807 heretico
1119 778 1332 819 propterea
1364 783 1386 806 a
1419 769 1577 807 Christo
1611 779 1647 807 et
1678 772 1763 819 lege

454 824 619 862 ecclesie
652 827 928 872 comendatus,
974 840 1045 864 nec
1076 827 1191 864 video
1224 829 1428 875 quomodo
1459 827 1577 865 liceat
1609 829 1763 865 auferre

453 883 692 931 temporalia
723 883 843 921 invite
875 886 924 921 ab
958 884 1120 921 homine
1153 885 1227 921 nisi
1250 886 1350 922 foret
1374 886 1570 922 hereticus
1600 895 1637 923 et
1668 896 1762 923 tunc

199 948 276 987 This
296 948 397 975 would
454 940 565 988 licet;
595 940 626 977 si
650 949 782 978 autem
806 941 897 979 licet
920 951 957 979 et
979 944 1095 980 debet
1119 944 1165 979 de
1188 944 1272 991 lege
1294 943 1415 981 veteri
1439 944 1584 980 auferri
1606 944 1763 981 sarcina
1782 962 1822 984 10

192 984 301 1046 resigeuxig
321 991 413 1045 {pfagiy
456 1011 535 1046 qua
578 999 816 1047 deprimitur
858 999 1081 1037 iumentum
1136 1001 1319 1049 proximi,
1372 1002 1497 1038 multo
1551 1003 1676 1050 magis
1722 1002 1763 1038 in

239 1053 368 1081 burden.
453 1057 540 1104 lege
572 1070 675 1094 nova
718 1070 799 1093 non
831 1059 947 1095 debet
979 1059 1137 1095 onerari
1170 1059 1327 1095 animus
1360 1060 1570 1096 confratris
1608 1060 1764 1097 sarcina

453 1123 592 1151 vocate
650 1115 865 1152 elemosine
924 1129 1003 1164 qua
1055 1116 1193 1164 religio
1246 1117 1391 1153 Christi
1445 1118 1676 1166 deperditur
1728 1127 1764 1155 et

454 1172 547 1209 fune
593 1172 741 1209 diaboli
786 1174 958 1210 trahitur
1001 1176 1050 1210 ad
1094 1174 1309 1222 infernum,
1354 1188 1426 1211 nec
1460 1177 1575 1212 debet
1606 1176 1647 1212 in
1679 1176 1764 1212 istis

455 1229 563 1266 credi
620 1230 813 1279 appetitui
877 1231 1144 1278 infirmorum,
1198 1232 1265 1280 qui
1318 1241 1481 1282 propter
1538 1233 1820 1272 distsasiam15

455 1288 667 1336 amplexati
711 1298 802 1325 sunt
846 1298 1022 1327 stercora
1061 1303 1198 1327 sensus
1236 1290 1442 1338 scripture.
1493 1291 1533 1327 Si
1567 1305 1659 1340 ergo
1698 1305 1765 1328 ne-

455 1345 627 1383 cessaria
665 1346 743 1383 sint
782 1347 895 1384 nobis
929 1348 1180 1396 temporalia,
1221 1348 1447 1385 tribuantur
1480 1349 1593 1386 nobis
1626 1363 1764 1386 secun-

454 1405 549 1440 dum
584 1406 748 1441 modum
783 1414 819 1442 et
852 1418 1082 1443 mensuram
1115 1420 1235 1455 quam
1272 1407 1530 1455 ewangelium
1565 1407 1763 1454 limitavit,

454 1471 549 1499 tunc
594 1462 699 1498 enim
743 1472 1025 1512 spargerentur
1067 1464 1307 1513 temporalia
1350 1464 1390 1501 in
1436 1466 1586 1502 mundo
1630 1465 1765 1503 fructi-

454 1520 535 1556 fere
578 1529 772 1568 tanquam
817 1521 963 1570 pluvia,
1010 1531 1047 1559 et
1086 1522 1352 1559 dissensiones
1387 1531 1422 1559 et
1455 1524 1557 1559 bella
1591 1532 1627 1560 et
1659 1532 1764 1560 secte
1781 1541 1822 1561 20

456 1586 493 1614 et
548 1578 614 1615 alii
661 1578 811 1615 fructus
863 1579 994 1616 carnis
1046 1593 1146 1628 quos
1204 1580 1343 1617 recitat
1398 1582 1601 1628 apostolus
1659 1582 1765 1629 sopi-

456 1644 606 1682 rentur,
653 1644 691 1673 et
728 1649 858 1674 sermo
897 1637 959 1674 dei
998 1637 1164 1675 intraret
1197 1638 1376 1674 nutriens
1422 1639 1554 1676 taliter
1586 1639 1763 1687 irrigata.

178 1689 430 1752 erifakgixicailehffhe
459 1694 571 1730 Unde
604 1695 723 1730 credo
755 1696 863 1743 quod
906 1695 1068 1744 spiritus
1111 1705 1271 1733 sanctus
1318 1696 1502 1745 intelligit
1548 1710 1619 1745 per
1663 1698 1764 1734 hanc

192 1759 251 1787 real
274 1759 416 1797 spoilerS,
455 1752 597 1799 legem,
631 1753 738 1800 quod
771 1752 827 1788 illi
860 1753 927 1801 qui
951 1753 1122 1801 spoliant
1146 1753 1353 1791 ecclesiam
1387 1767 1463 1802 que
1494 1764 1550 1791 est
1582 1755 1763 1791 homines

203 1793 316 1856 rgssffr‘}
355 1793 406 1855 ‘glise
456 1809 692 1846 excellencia
725 1818 849 1847 status
883 1820 919 1847 et
951 1811 1155 1858 virtutum,
1196 1825 1266 1860 per
1297 1812 1527 1849 dotaciones
1561 1825 1672 1850 cecas
1706 1813 1764 1849 in-
1780 1819 1820 1852 25

248 1863 357 1890 virtue.
454 1867 601 1904 stinctu
645 1867 792 1904 diaboli
838 1877 1004 1915 exortas,
1044 1878 1087 1905 ut
1125 1869 1275 1906 scilicet
1307 1878 1566 1918 perpetuetur
1610 1871 1763 1907 dotanti

455 1925 608 1962 celebre
640 1938 787 1962 nomen
820 1926 860 1962 in
892 1927 1021 1973 terris,
1067 1927 1123 1963 illi
1156 1927 1336 1976 inquam,
1382 1936 1474 1964 sunt
1513 1928 1694 1976 sacrilegi
1728 1937 1764 1965 et

455 1995 477 2019 a
508 1982 783 2031 triumphante
816 1984 981 2021 ecclesia
1014 1985 1230 2022 maledicti.

167 2047 440 2087 Goqdintentions
512 2040 704 2077 Diabolus
748 2041 853 2078 enim
887 2051 944 2079 est
983 2055 1048 2079 rex
1086 2056 1206 2092 supra
1251 2055 1390 2080 omnes
1435 2043 1536 2080 filios
1580 2044 1764 2092 superbie

178 2091 215 2111 ³¹¹
236 2082 423 2145 Ῐὲξᾷξξζῖθῃῒ
456 2106 505 2144 et,
551 2107 595 2134 ut
626 2098 736 2135 novit
769 2099 908 2146 fidelis,
954 2101 1052 2138 tales
1091 2110 1134 2137 ut
1166 2100 1221 2138 sic
1253 2101 1455 2137 infinitum
1490 2101 1615 2150 magis
1649 2101 1762 2138 bonis
1778 2108 1821 2142 30

455 2155 629 2204 spoliant
662 2165 831 2194 matrem
864 2171 997 2205 suam3
1030 2171 1103 2195 nec
1137 2168 1295 2196 excusat
1327 2159 1576 2207 yppocritica
1610 2168 1646 2196 et
1670 2172 1763 2196 ceca

455 2213 644 2260 intencio,
690 2214 784 2263 quia
823 2217 968 2252 Paulus
1009 2229 1052 2253 ex
1098 2216 1175 2253 fide
1208 2217 1404 2265 scripture
1436 2217 1509 2254 fuit
1552 2230 1762 2266 percussus

456 2271 676 2318 blasfemia,
730 2281 888 2310 cecatus
933 2287 976 2310 ex
1021 2274 1219 2311 consimili
1270 2274 1442 2322 ypocrisi
1495 2276 1761 2321 sacerdotum,

525 2447 546 2468 1.
572 2444 600 2467 ct
619 2440 709 2474 adelz,
731 2448 789 2469 om.
811 2441 923 2473 σθίιενί,ι
948 2442 985 2469 ib.
1008 2443 1132 2477 speculo
1153 2450 1211 2469 om.
1232 2443 1261 2475 i;
1287 2443 1318 2470 in
1338 2446 1422 2470 textu
1448 2451 1463 2470 a
1491 2443 1557 2470 solo
1577 2444 1701 2479 speculo
1721 2443 1763 2479 cf,

455 2474 496 2501 al.
517 2482 555 2513 up.
576 2482 592 2502 a
612 2476 714 2502 seculo
735 2483 759 2502 c.
840 2483 865 2503 2.
888 2476 992 2512 utique
1011 2477 1114 2504 ceteri.
1196 2476 1220 2504 3
1242 2477 1360 2505 infinita
1375 2485 1436 2513 pro
1458 2478 1554 2505 multa
1574 2478 1593 2505 i.
1676 2486 1703 2513 9.
1726 2479 1763 2505 ab

456 2509 580 2536 homme
599 2510 660 2541 hee,
679 2517 737 2537 om.
758 2511 862 2538 ceteri.
953 2519 987 2538 ιι.
1004 2518 1066 2546 pro
1086 2512 1275 2539 iumentum:
1298 2512 1475 2540 inmeritum
1496 2512 1522 2544 b,
1542 2512 1714 2540 iniunctum
1736 2513 1766 2543 i,-

455 2543 492 2570 ib.
515 2543 646 2578 proximi
668 2544 686 2571 Ιι
705 2545 813 2577 solum,
835 2545 951 2572 Christi
970 2546 1074 2573 ceteri.
1166 2554 1203 2573 12.
1225 2547 1388 2574 confratris
1407 2547 1442 2574 al
1470 2555 1518 2578 m.,
1538 2547 1568 2574 in
1588 2550 1672 2574 textu
1692 2556 1764 2575 con-

455 2578 554 2605 serens
586 2578 637 2611 acl,
670 2579 831 2607 conferens
852 2579 886 2618 f,
920 2579 1107 2608 conferentis
1141 2580 1215 2608 alias
1247 2581 1411 2608 confratris
1443 2582 1478 2615 b‚·
1515 2582 1612 2609 confr.
1646 2589 1704 2609 om.
1738 2590 1762 2609 c.

456 2611 493 2640 13.
515 2612 640 2640 ecclesie
655 2621 716 2649 pro
737 2615 903 2642 elemosine
920 2615 1002 2650 abg;
1021 2623 1088 2642 voc.
1110 2615 1196 2642 elem.
1218 2616 1344 2643 cancell.
1365 2617 1394 2642 cl.
1504 2617 1544 2644 16.
1568 2621 1638 2644 sunt
1658 2617 1762 2644 ceteri.

456 2646 495 2673 18.
516 2646 626 2674 limitat
645 2649 748 2676 ceteri.
804 2656 847 2676 22.
869 2654 1003 2676 curreret
1021 2657 1080 2684 pro
1101 2649 1226 2677 intraret
1247 2650 1276 2683 Ιι,
1298 2650 1484 2678 intrinsecus
1500 2659 1562 2686 pro
1583 2651 1721 2679 nutriens
1742 2651 1762 2678 ι’.

454 2688 501 2714 24.
523 2681 659 2709 hominis
679 2682 777 2719 bcdef.
902 2684 948 2712 26.
971 2683 1084 2711 scilicet
1103 2684 1124 2711 d
1140 2685 1239 2712 solum
1257 2685 1299 2712 al.
1319 2693 1369 2719 m.‚
1392 2686 1421 2713 in
1442 2688 1527 2713 textu
1547 2685 1571 2713 si
1592 2686 1660 2722 qui;
1689 2685 1713 2713 si
1735 2686 1763 2717 lz,

455 2715 480 2743 si
509 2724 568 2751 que
596 2717 708 2751 celeri,·
744 2718 782 2746 ib.
814 2717 944 2746 dotatim
977 2718 1060 2754 bqu,
1093 2718 1223 2746 dotatim
1255 2719 1286 2746 in
1317 2722 1411 2751 textu,
1443 2720 1560 2748 dotanti
1592 2721 1633 2748 al.
1664 2728 1702 2747 m.
1732 2728 1762 2747 α.

455 2756 501 2784 29.
522 2754 568 2778 est
586 2758 644 2778 om.
665 2752 686 2779 i.
758 2751 804 2780 30.
825 2761 856 2780 ln
877 2753 1029 2781 infinitum
1050 2753 1157 2790 bcefg;
1181 2754 1279 2781 bonos
1300 2754 1396 2791 aqu;
1416 2755 1497 2782 bono
1517 2754 1556 2788 lz,·
1577 2755 1659 2783 bono
1680 2762 1762 2782 corr.

455 2792 493 2811 ex
513 2785 610 2812 bonos
631 2786 677 2814 de.
749 2786 788 2815 31.
809 2787 970 2824 yppocrita
989 2796 1075 2823 aceg.

530 2891 555 2921 1,
584 2891 614 2913 2.
641 2881 692 2914 Cf.
716 2883 841 2914 Jerem.
868 2883 922 2923 31,
950 2892 1003 2915 21.
1079 2882 1129 2915 16.
1155 2882 1291 2926 Philipp
1319 2885 1349 2924 3,
1375 2883 1407 2916 8.
1481 2894 1534 2917 21.
1562 2884 1636 2916 Gal.
1664 2884 1692 2924 5,
1724 2883 1792 2927 19‘

456 2937 555 2969 seqq.
