2002 3359
236 279 324 307 cm).
340 268 408 325 ni]
747 276 805 314 1513
834 283 1033 315 snioNiA.

235 388 411 425 officium
458 389 724 426 committitur
768 398 804 426 et
848 390 1018 427 sumitur
1062 403 1167 427 nunc
1211 390 1473 439 spiritualiter
1511 399 1547 427 et

235 459 340 483 nunc
358 447 621 494 corporaliter
637 449 855 485 secundum
867 450 973 496 quod
990 449 1078 498 quis
1097 449 1248 486 confert
1265 448 1546 497 patrocinium,

235 513 278 541 ut
311 504 490 541 Christus
524 505 668 542 dicitur
700 515 891 554 patronus
923 507 1051 544 tocius
1084 507 1233 544 ordinis
1263 507 1477 544 Christiani
1512 516 1548 543 et

234 563 478 610 Augustinus
506 563 653 600 dicitur
676 573 867 612 patronus
900 565 1057 601 illorum
1092 565 1277 602 ordinum
1312 565 1379 613 qui
1413 574 1549 602 tenent

204 625 347 657 §suam
383 622 573 669 regulam,
620 622 685 658 alii
726 631 859 659 autem
900 623 967 670 qui
1002 636 1045 660 ex
1077 623 1157 659 suis
1191 623 1417 660 elemosinis
1450 632 1548 659 tem-

235 679 438 727 poralibus
471 680 687 716 fundarunt
720 681 895 728 quadam
929 681 1195 729 perpetuitate
1226 681 1391 729 collegia
1421 694 1548 718 sacer-

236 738 390 783 dotum,
451 737 638 773 dicuntur
696 738 853 786 patroni
913 739 1072 775 illorum
1135 740 1314 776 locorum
1374 753 1545 787 quorum

236 795 413 831 officium
447 803 504 831 est
537 795 838 832 elemosinarios
871 809 962 833 suos
995 798 1215 834 secundum
1251 797 1406 845 regulas
1429 797 1547 846 primi

236 852 392 901 patroni
426 861 463 888 et
487 853 740 891 condiciones
773 854 946 902 privatas
980 855 1086 892 licite
1119 857 1340 903 gubernare
1365 864 1401 891 et
1425 855 1549 891 delin-

183 919 401 958 ioquentes
445 912 664 948 secundum
711 913 1009 961 correpcionem
1056 913 1164 961 piam
1212 913 1423 961 corrigere,
1469 926 1549 949 non

234 968 468 1016 occidendo,
502 983 582 1006 non
605 972 891 1017 comburendo,
925 980 968 1008 ut
1001 972 1044 1008 fit
1077 972 1117 1008 in
1151 971 1447 1019 conquestibus,
1482 972 1549 1007 sed

235 1027 471 1063 elemosinas
497 1027 788 1065 medicinaliter
810 1030 1081 1066 subtrahendo
1105 1039 1142 1066 et
1159 1030 1200 1066 in
1219 1038 1399 1077 tempore
1415 1041 1549 1066 neces-

235 1084 361 1121 sitatis
384 1086 432 1121 de
456 1086 683 1122 elemosinis
706 1088 756 1124 ad
779 1087 838 1123 sui
868 1100 985 1124 usum
1019 1089 1271 1125 moderatum
1306 1087 1548 1135 recipiendo,

234 1152 278 1179 ut
309 1152 418 1191 patet
448 1146 492 1180 16
527 1144 734 1192 questione
769 1159 804 1193 7,
840 1159 925 1194 cap.
961 1146 1072 1183 Filiis
1104 1155 1141 1183 et
1174 1148 1312 1183 eadem
1343 1145 1550 1194 questione

183 1204 219 1237 15
240 1201 274 1247 5,
308 1213 395 1249 cap.
435 1202 670 1251 Quicunque,
703 1212 741 1239 et
774 1205 1019 1240 concordant
1052 1205 1159 1252 glose
1193 1206 1417 1242 doctorum.

296 1260 408 1295 Unde
429 1259 534 1296 circa
549 1261 865 1309 descripcionem
885 1271 921 1298 et
931 1262 1170 1310 quiditatem
1192 1261 1425 1310 patrimonii
1442 1261 1549 1299 avari

236 1317 359 1353 nostri
393 1318 724 1366 cicumpalpitant
757 1320 946 1367 dicentes,
981 1321 1089 1368 quod
1112 1330 1169 1357 est
1192 1320 1413 1368 temporale
1437 1319 1550 1368 spiri-

237 1375 334 1411 tuali
381 1388 576 1412 annexum
612 1385 648 1413 et
682 1377 749 1421 hii,
784 1379 892 1426 quod
938 1378 1197 1427 consequitur
1236 1380 1285 1415 ad
1324 1378 1549 1414 dominium

237 1432 338 1469 sicut
377 1434 510 1481 passio
543 1435 593 1471 ad
626 1435 863 1482 subiectum,
909 1444 946 1472 et
979 1436 1034 1473 sic
1068 1436 1339 1485 parrochiales
1384 1435 1550 1472 ecclesie

181 1505 222 1526 20
237 1491 424 1527 dicuntur
463 1493 608 1529 habere
651 1493 1006 1531 fundamentaliter
1038 1507 1151 1531 suam
1185 1495 1361 1543 glebam;
1408 1503 1446 1531 et
1479 1494 1551 1530 fm-

237 1558 335 1597 gunt
358 1549 425 1595 hii,
460 1551 567 1598 quod
600 1551 730 1587 omnis
763 1561 998 1600 patronatus
1028 1552 1303 1601 principaliter
1325 1561 1479 1601 spectat
1501 1553 1551 1589 ad

236 1620 383 1655 papam
406 1608 514 1645 iuxta
531 1617 682 1645 textum
703 1609 743 1645 in
762 1610 960 1658 principio
978 1620 1012 1647 2.
1035 1610 1294 1647 decretalium
1316 1613 1372 1647 De
1387 1610 1551 1647 Judiciis

236 1677 320 1713 cap.
353 1665 507 1716 Qtanto
531 1667 659 1703 divina
683 1676 776 1704 etc.:
812 1669 984 1715 ‘Causa’,
1014 1669 1157 1717 inquit,
1183 1669 1293 1705 ‘iuris
1315 1677 1551 1718 patronatus

234 1722 289 1759 ita
322 1723 537 1761 coniuncta
569 1733 606 1761 et
638 1737 815 1762 connexa
849 1735 906 1763 est
946 1726 1219 1775 spiritualibus
1253 1727 1396 1774 causis,
1443 1727 1551 1775 quod

179 1784 316 1817 25non
349 1781 423 1818 nisi
458 1783 726 1820 ecclesiastico
759 1784 908 1821 iudicio
940 1785 1070 1821 valeat
1102 1784 1293 1832 diffiniri,'
1328 1798 1410 1821 non
1443 1785 1552 1834 quod

235 1848 388 1887 spectat
427 1841 476 1876 ad
522 1854 668 1889 papam
702 1842 762 1879 vel
806 1842 1038 1892 episcopum
1086 1856 1168 1879 esse
1213 1852 1430 1891 patronum
1477 1843 1552 1880 ele-

237 1898 389 1934 mosine
422 1899 656 1946 corporalis,
690 1899 781 1936 licet
804 1902 1049 1950 quandoque
1079 1901 1292 1938 distribuat
1315 1901 1448 1949 egenis
1478 1901 1554 1937 ele-

238 1955 412 1992 mosinas
443 1969 542 2004 quas
572 1957 713 2005 recipit
735 1966 778 1994 ut
801 1971 936 1996 servus
959 1959 1105 1996 cesaris
1127 1960 1187 1996 vel
1211 1959 1377 1996 alterius
1400 1955 1552 1995 domini

236 2014 444 2059 secularis;
498 2024 774 2052 verumtamen
819 2029 939 2054 causa
992 2017 1123 2053 finalis
1177 2017 1267 2054 talis
1319 2016 1553 2065 patrimonii

179 2076 221 2109 30
236 2072 352 2108 debet
374 2073 540 2109 tractari
563 2086 698 2110 coram
723 2074 853 2111 iudice
877 2075 1146 2112 ecclesiastico
1171 2076 1399 2121 reducendo
1423 2075 1553 2123 ipsam

306 2203 326 2222 1.
352 2194 384 2222 in
403 2197 487 2222 textu
508 2195 658 2229 innuitur,
679 2196 720 2223 al.
742 2205 779 2223 m.
801 2197 952 2224 committ.
974 2206 1004 2229 cz,
1024 2198 1163 2225 innuitur
1177 2206 1239 2233 pro
1260 2198 1412 2225 committ.
1435 2197 1554 2234 bcdeg;

236 2240 273 2268 ih.
290 2244 318 2268 et
332 2248 391 2268 om.
406 2241 481 2277 adg.
538 2249 563 2268 2.
585 2246 751 2277 patronum
766 2243 866 2279 abfg,·
887 2234 966 2278 prom
980 2252 1033 2276 ce‚·
1052 2243 1082 2270 in
1097 2246 1182 2271 textu
1196 2243 1357 2271 constituit
1399 2247 1555 2279 atronum,

235 2276 277 2302 ccl.
291 2283 329 2302 m.
345 2276 464 2303 confert
484 2276 690 2311 patrocinium
710 2277 739 2304 d.
796 2287 825 2311 4.
846 2283 893 2305 est
934 2286 970 2306 ro
991 2278 1104 2305 dicitur
1122 2278 1199 2314 adg.
1256 2279 1285 2306 6.
1305 2279 1359 2306 fun
1385 2283 1477 2306 arunt
1489 2278 1554 2310 eelz,

235 2310 443 2338 fundaverunt
462 2312 565 2338 ceteri.
623 2311 652 2346 6,
673 2320 699 2346 7.
721 2313 855 2348 quedam
875 2321 911 2340 co
926 2313 1004 2348 legia
1025 2313 1221 2340 sacerdotum
1243 2313 1378 2348 quadam
1400 2314 1556 2349 perpetui-

236 2349 296 2372 tate
315 2345 380 2381 dg;
405 2353 424 2372 a
452 2349 484 2373 ut
508 2346 561 2383 dg,
590 2346 684 2381 quad.
712 2351 828 2383 perpet.
854 2351 957 2375 autem
982 2348 1024 2375 al.
1044 2356 1082 2376 m.
1108 2347 1205 2375 addit.
1216 2358 1226 2380 ,·
1251 2348 1385 2384 quadam
1413 2357 1498 2384 perp.
1520 2356 1557 2380 e,-

237 2380 394 2424 quandam
423 2381 658 2416 perpetuitatem
674 2381 708 2418 s.
829 2390 855 2418 7.
882 2390 1016 2418 quorum
1043 2382 1093 2410 off.
1121 2383 1184 2414 eelz,
1210 2391 1262 2418 qu.
1290 2391 1345 2418 per
1370 2383 1420 2410 off.
1448 2384 1554 2411 ceteri.

237 2414 264 2441 b.
286 2418 331 2441 est
349 2415 391 2442 al.
412 2423 449 2444 m.
470 2423 499 2449 a,
520 2423 578 2443 om.
594 2416 691 2452 cdfg,·
710 2416 748 2444 ib.
769 2417 1005 2445 elemosinarios
1025 2425 1109 2445 corr.
1125 2425 1163 2444 ex
1183 2417 1369 2445 elemosinas
1382 2425 1423 2451 ας
1442 2418 1555 2445 elemo-

238 2449 322 2476 sinas
342 2457 376 2484 ἐν,
398 2458 471 2477 suos
492 2458 551 2477 om.
572 2458 628 2486 ag.
732 2459 762 2487 9,
784 2459 826 2479 10.
847 2451 895 2479 lic.
918 2456 963 2479 est
983 2452 1054 2488 gub.
1075 2460 1132 2488 ag,
1153 2457 1181 2479 et
1202 2452 1337 2487 delinqu.
1357 2452 1427 2485 dell,
1449 2457 1477 2479 et
1496 2460 1554 2480 om.

237 2484 341 2511 ceteri.
398 2492 438 2511 10.
461 2485 690 2513 correccionem
705 2486 726 2513 i.
789 2495 824 2514 11.
839 2487 1000 2522 questibus
1020 2487 1068 2514 ab.
1132 2494 1170 2514 12.
1191 2488 1222 2514 in
1242 2490 1326 2514 textu
1346 2487 1555 2519 mediocriter,

237 2519 278 2545 al.
300 2526 337 2545 m.
359 2519 503 2547 medicin.
524 2520 553 2551 d,
574 2520 773 2548 mediocriter
791 2522 897 2549 ceteri.
1008 2520 1046 2549 13.
1069 2529 1159 2549 suum
1179 2529 1235 2557 ag.
1345 2529 1387 2554 14.
1408 2530 1475 2557 cap.
1497 2529 1555 2549 om.

238 2553 342 2581 ceteri.
426 2562 468 2589 14,
490 2555 526 2582 15.
554 2554 568 2582 5
588 2563 654 2590 cap.
678 2555 864 2592 Quicunque
883 2556 936 2590 dlz,
956 2556 970 2584 5
990 2564 1058 2592 cap.
1079 2564 1138 2584 om.
1159 2556 1262 2583 celeri.
1347 2556 1384 2584 15.
1401 2564 1464 2592 pro
1485 2556 1556 2584 doc-

238 2592 358 2615 torum:
380 2587 575 2616 decretorum
596 2590 660 2616 adi.
787 2592 828 2619 16.
850 2595 957 2618 contra
999 2599 1035 2618 ro
1056 2591 1137 2618 circa
1158 2591 1196 2625 lz‚·
1221 2591 1258 2618 ib.
1275 2598 1337 2626 pro
1359 2591 1554 2626 patrimonii:

239 2622 360 2656 patroni
380 2624 486 2650 ceteri.
549 2632 587 2658 17,
604 2625 644 2651 18.
661 2624 814 2660 spirituali
828 2630 969 2661 tempora
984 2634 998 2652 e
1013 2633 1096 2654 corr.
1113 2633 1151 2653 ex
1165 2625 1325 2661 spirituale
1339 2629 1400 2653 tem
1427 2626 1503 2653 orali
1518 2634 1557 2657 a,-

239 2656 398 2695 spirituale
419 2659 581 2693 temporali
603 2667 635 2694 g.
762 2660 804 2688 18.
830 2660 902 2687 hinc
915 2668 979 2696 pro
1000 2660 1042 2688 hii
1061 2660 1133 2700 dfg.
1260 2668 1306 2694 20,
1327 2667 1366 2688 21.
1407 2660 1516 2696 ugiunt
1536 2661 1555 2688 i.

238 2698 281 2718 22.
303 2699 334 2718 111
354 2692 509 2728 principio
529 2701 588 2721 om.
609 2694 638 2720 Ιι.
712 2693 756 2722 23.
778 2703 844 2731 cap.
859 2703 880 2729 4
899 2695 928 2728 z'‚·
946 2695 991 2722 De
1005 2695 1135 2722 Judiciis
1155 2702 1213 2722 om.
1229 2696 1344 2728 ceteris
1362 2703 1428 2731 cap.
1445 2695 1470 2722 5.
1486 2695 1555 2722 Div.

238 2734 282 2761 gr.
299 2734 361 2761 pro
384 2726 444 2762 Qu.
467 2727 528 2754 div.
550 2732 607 2756 etc.
629 2730 792 2763 ceteri‚·”in
811 2732 897 2757 textu
917 2732 949 2758 ut
967 2730 1074 2765 ceteri,
1095 2731 1138 2757 al.
1158 2737 1197 2757 m.
1218 2733 1251 2757 ut
1270 2730 1347 2757 lisd.
1432 2737 1477 2765 27.
1495 2737 1556 2766 pro

237 2761 427 2796 corporalis:
448 2762 580 2790 carnalis
600 2763 633 2797 i‚·
657 2764 695 2790 ib.
717 2764 886 2800 aliquando
906 2765 1010 2793 ceteri.
1078 2763 1125 2793 28.
1146 2764 1260 2799 recepit
1280 2764 1362 2801 cdef.
1434 2771 1482 2800 29.
1503 2772 1556 2800 pa-

237 2795 318 2822 troni
339 2795 368 2823 Ιι.
440 2794 486 2824 30.
507 2805 577 2825 eum
597 2805 652 2834 ag,
672 2798 774 2834 ipsam
794 2799 860 2835 ceh,
880 2799 985 2835 ipsum
1005 2799 1111 2827 ceteri.

312 2866 362 2897 14.
388 2855 474 2889 Ibid.
500 2867 528 2890 c.
555 2857 592 2891 31
624 2857 663 2899 (1,
680 2856 776 2902 809).
854 2859 904 2891 15.
930 2860 1016 2891 Ibid.
1043 2870 1071 2891 c.
1093 2860 1136 2892 30
1162 2859 1201 2901 (Ι,
1219 2858 1316 2901 808).
1391 2869 1444 2891 22.
1472 2860 1556 2892 Gre—

237 2903 326 2944 gorii
353 2903 542 2935 decretales
569 2904 608 2944 ΙΙ,
639 2915 666 2945 1,
694 2906 711 2937 3
744 2906 892 2948 Qanto
920 2910 953 2938 te
978 2906 1102 2938 divina
1128 2905 1337 2948 (Friedberg
1362 2905 1401 2945 II,
1428 2906 1520 2949 239).

1371 2965 1419 2998 3,

1622 1267 1786 1296 Fictitious

1598 1304 1705 1331 claims
1726 1311 1758 1330 as
1780 1308 1810 1330 to

1591 1339 1815 1366 endowments.

1593 1676 1626 1703 In
1648 1676 1731 1704 what
1750 1684 1818 1713 way

1615 1712 1666 1739 the
1707 1719 1795 1739 come

1619 1754 1659 1773 un
1686 1755 1718 1774 er
1737 1747 1788 1774 the

1595 1781 1810 1809 ecclesiastical

1654 1816 1754 1852 judge.
