2002 3359
233 316 323 343 (ῑΑνΔ
345 306 397 362 ir]
745 317 801 348 DE
832 316 1030 347 stMoNIA.

233 425 483 461 dotacionem
508 423 789 472 temporalium
815 424 1110 467 subvertuntur,
1135 422 1227 470 quia
1257 431 1336 458 tam
1371 421 1547 457 officium

232 496 353 531 quam
387 482 550 519 affeccio
584 483 631 518 ab
665 480 926 517 ordinacione
949 493 1069 528 quam
1095 480 1275 517 Christus
1300 479 1470 515 instituit
1494 488 1550 515 est

232 553 474 589 perversum.
510 542 610 576 Nam
636 539 873 587 temporalia
897 551 1047 575 annexa
1071 548 1107 574 et
1131 539 1301 574 honores
1326 539 1549 574 mundanos

233 599 408 635 studiose
442 598 680 646 appetimus,
715 598 781 632 sed
816 596 966 632 humile
999 605 1036 632 et
1069 596 1233 644 simplex
1268 595 1548 640 ministerium,

201 658 341 705 §quod
387 656 567 693 Christus
613 654 797 699 instituit,
847 655 1129 696 abhorremus3
1183 653 1368 690 affectare
1415 661 1548 690 autem

235 715 438 763 copiosam
464 713 736 750 adiacenciam
758 712 1054 760 temporalium,
1076 721 1117 747 ut
1136 711 1283 759 largius
1304 711 1550 747 ministretur

235 772 453 821 egentibus,
500 781 557 808 est
601 770 776 807 studiose
824 779 1010 818 appetere
1056 769 1233 805 officium
1280 769 1432 814 laicale,
1478 782 1549 805 nec

236 830 404 867 cessabit
436 829 618 877 symonia
651 828 815 865 ecclesie
849 829 1062 875 antequam
1100 828 1173 863 ista
1207 827 1323 863 fuerit
1351 836 1545 874 separata.

292 888 434 925 Tercio
459 888 676 931 dubitatur,
712 899 761 922 an
785 886 901 922 liceat
926 886 1034 922 adire
1059 886 1209 922 curiam
1231 887 1452 921 Romanam
1478 898 1549 932 pro

182 959 219 980 10
236 946 437 982 beneficiis
472 944 749 981 ecclesiasticis
783 944 1050 991 acquirendis,
1085 953 1121 979 et
1145 943 1301 979 videtur
1324 944 1431 990 quod
1456 956 1549 985 non,

236 1004 330 1052 quia
353 1004 581 1052 quicunque
614 1003 669 1039 sic
703 1002 791 1038 ierit
826 1004 943 1038 habet
976 1001 1194 1038 studiosam
1221 1010 1257 1037 et
1280 1001 1549 1037 inordinatam

236 1062 485 1099 volucionem
511 1063 615 1097 bona
637 1060 862 1108 spiritualia
886 1073 958 1108 pro
983 1059 1270 1107 temporalibus
1295 1058 1548 1096 commutari.

237 1120 476 1168 Quicunque
509 1120 562 1155 sic
597 1118 732 1155 fecerit
766 1127 822 1154 est
855 1118 1122 1166 symoniacus,
1156 1127 1198 1153 ut
1222 1126 1331 1165 patet
1355 1129 1398 1153 ex
1422 1116 1550 1162 dictis,

236 1192 329 1226 ergo
363 1188 434 1214 etc.
489 1177 600 1222 Quis»,
641 1177 819 1224 inquam,
862 1176 986 1224 magis
1028 1175 1204 1212 studiose
1237 1176 1296 1211 vel
1330 1175 1551 1222 periculose

184 1238 404 1283 151ab0rat,
439 1249 559 1284 quam
594 1234 683 1271 talis
718 1234 942 1282 Romipeta,
982 1247 1053 1270 nec
1088 1242 1218 1281 potest
1251 1234 1332 1269 ulla
1365 1233 1552 1280 tergiver-

236 1294 396 1331 sacione
436 1294 569 1339 celari,
612 1293 707 1341 quin
747 1292 840 1328 facit
880 1293 954 1328 hoc
994 1293 1081 1340 plus
1122 1300 1286 1340 propter
1331 1292 1552 1338 temporale

237 1353 510 1393 commodum,
546 1364 665 1399 quam
701 1359 865 1398 propter
889 1350 1089 1395 meritum,
1123 1350 1182 1385 vel
1216 1358 1258 1384 ut
1290 1349 1553 1397 spiritualiter

237 1410 420 1458 proficiat
444 1410 665 1446 animabus.
691 1411 779 1444 Non
795 1408 960 1444 dubium
978 1408 1074 1456 quin
1098 1407 1327 1455 importune
1351 1420 1390 1443 se
1409 1406 1552 1454 ingerit

237 1468 331 1516 quia
363 1477 405 1504 ut
438 1468 584 1504 dicitur
617 1480 696 1503 non
730 1475 786 1503 est
820 1466 954 1514 aliqua
986 1465 1212 1502 sollicitudo
1246 1465 1417 1501 hominis
1466 1466 1552 1512 plus

181 1541 222 1560 Γὐ
238 1526 427 1563 continua
469 1526 530 1563 vel
575 1524 836 1573 corporaliter
881 1534 947 1561 aut
994 1523 1220 1561 mentaliter
1264 1523 1453 1571 inquieta.
1506 1525 1552 1558 Et

238 1593 346 1632 patet
391 1585 497 1632 quod
542 1583 631 1620 talis
675 1596 714 1619 se
759 1582 914 1630 ingerit,
961 1582 1054 1630 quia
1104 1582 1152 1618 sit
1197 1590 1553 1629 quantumcunque

238 1642 425 1678 inhabilis
471 1651 509 1678 et
553 1655 633 1678 non
679 1650 735 1677 est
780 1640 1018 1677 beneficium
1064 1653 1132 1676 sue
1178 1648 1357 1675 contrate
1390 1647 1553 1687 propter

240 1700 556 1748 magnitudinem
592 1712 684 1736 cure
729 1700 836 1746 quod
883 1699 1039 1746 refugit,
1086 1698 1116 1733 si
1162 1697 1210 1733 sit
1255 1697 1421 1745 pingwe.
1477 1698 1552 1733 Sed

240 1772 334 1795 cura
366 1758 603 1806 parvipensa
627 1759 674 1793 de
698 1766 848 1804 quanto
872 1756 1070 1804 pinguius,
1105 1757 1153 1792 de
1187 1764 1297 1791 tanto
1331 1755 1551 1803 accepcius.

183 1822 222 1854 25
240 1819 340 1854 Cum
365 1829 458 1864 ergo
482 1817 700 1852 secundum
726 1816 852 1863 legem
878 1815 1097 1862 predictam
1127 1812 1230 1850 beati
1254 1813 1435 1861 Gregorii
1469 1812 1555 1860 qui-

238 1875 335 1911 libet
357 1875 445 1911 talis
470 1874 518 1910 sit
541 1874 680 1922 procul
704 1873 824 1909 dubio
848 1873 1111 1920 repellendus,
1136 1871 1315 1919 sequitur
1339 1872 1445 1919 quod
1469 1871 1554 1919 qui-

239 1933 334 1969 libet
367 1932 456 1969 talis
489 1932 537 1968 sit
571 1930 757 1968 inhabilis
791 1932 839 1967 ad
864 1943 1001 1967 curam
1027 1931 1086 1966 vel
1109 1929 1287 1978 regimen
1311 1929 1549 1965 animarum.

241 1990 407 2027 Dimitto
431 1999 564 2027 autem
589 1989 685 2026 alias
709 1989 883 2036 privatas
908 1987 1157 2025 mercandias
1172 1987 1330 2024 illicitas
1346 2000 1443 2035 quas
1462 1987 1555 2023 facit

241 2061 330 2084 cum
365 2047 632 2085 cardinalibus
666 2055 702 2084 et
738 2060 874 2084 eorum
909 2045 1176 2092 cubiculariis,
1212 2058 1301 2082 cum
1335 2045 1415 2081 suis
1449 2058 1556 2081 com-

185 2112 225 2144 30
240 2106 422 2154 plicibus,
447 2107 513 2142 sed
539 2115 644 2142 certe
667 2106 748 2142 scio
772 2106 879 2153 quod
901 2103 1077 2141 obiciens
1096 2116 1136 2140 se
1154 2105 1287 2140 dando
1302 2103 1553 2139 occasionem

240 2164 420 2212 personis
443 2164 703 2212 gravioribus,
731 2172 774 2200 ut
797 2162 925 2199 maior
949 2162 1096 2199 heresis
1119 2161 1350 2209 symoniaca
1374 2160 1556 2197 commit-

240 2232 359 2268 tatur,
394 2224 441 2259 de
475 2231 585 2259 tanto
611 2221 735 2270 magis
759 2221 972 2258 criminose
995 2233 1035 2257 se
1058 2219 1214 2268 ingerit.
1250 2222 1330 2255 Nec
1354 2228 1411 2255 est
1434 2219 1555 2265 racio,

241 2294 364 2329 quare
387 2281 446 2317 lex
468 2280 623 2329 papalis
655 2281 811 2316 lucrum
845 2279 1001 2327 sapiens
1034 2279 1150 2315 debet
1183 2277 1303 2323 credi,
1338 2277 1484 2322 doceri,
1520 2286 1556 2313 et

241 2338 399 2375 defendi
432 2347 475 2375 ut
509 2338 782 2386 ewangelium,
817 2337 913 2385 quin
945 2350 1015 2385 per
1047 2336 1152 2373 idem
1187 2345 1224 2372 et
1254 2335 1381 2371 maius
1404 2335 1554 2371 dictum

186 2401 224 2433 35
242 2405 472 2433 sanctorum
491 2405 527 2434 et
551 2396 776 2444 specialiter
799 2395 915 2431 huius
938 2408 1040 2443 pape
1063 2393 1304 2432 sanctissimi
1326 2393 1366 2429 in
1388 2393 1557 2430 materia

309 2573 334 2593 2.
355 2565 463 2593 ordine
484 2574 574 2601 quem
595 2566 698 2593 ceteri.
772 2566 799 2592 6.
815 2564 975 2600 copiosam
997 2563 1204 2591 adiacenciam
1219 2563 1256 2595 l1,·
1275 2563 1435 2597 copiosam
1451 2562 1487 2589 ad
1505 2561 1556 2589 ali-

241 2609 332 2637 quam
348 2609 402 2633 ac;
423 2601 582 2636 copiosam
597 2601 655 2636 bg;
674 2601 704 2628 in
719 2602 804 2628 textu
824 2599 946 2634 copiam
967 2599 1114 2634 aliquam,
1134 2599 1175 2625 al.
1190 2606 1227 2625 m.
1245 2601 1276 2625 ul
1289 2597 1325 2625 lz:
1338 2597 1376 2627 ci:
1396 2597 1554 2632 copiosam

241 2636 278 2663 ad
299 2635 389 2662 aliam
404 2634 446 2670 ef.
520 2634 547 2662 8.
562 2639 662 2662 cessat
674 2634 703 2662 h.
771 2643 800 2669 ο.
822 2634 847 2661 si
868 2634 937 2661 licet
957 2634 1060 2661 ceteri.
1134 2641 1172 2660 12.
1194 2632 1380 2659 commutari
1402 2632 1454 2667 QZ·
1473 2640 1556 2658 com-

242 2669 382 2698 mutandi
401 2669 442 2697 ai.
523 2678 563 2703 ιι.
587 2669 728 2704 Gregorii
744 2677 805 2705 pro
826 2677 898 2704 ergo
918 2669 953 2702 lz;
975 2673 1031 2696 etc.
1052 2676 1110 2695 om.
1131 2667 1169 2699 Ιι,·
1194 2667 1232 2694 ib.
1254 2671 1306 2694 aut
1319 2675 1382 2702 pro
1403 2667 1447 2694 vel
1469 2666 1554 2700 bdgi.

243 2705 283 2733 16.
305 2704 395 2732 celari
415 2704 433 2731 Ιι
452 2705 568 2735 solum:
592 2704 705 2732 cessari
726 2712 759 2732 ce
779 2706 807 2738 (e
825 2704 866 2731 al.
887 2712 924 2730 m.
946 2703 1089 2737 cassari);
1116 2710 1236 2729 cessare
1257 2701 1350 2728 deleri
1371 2701 1410 2733 d;
1437 2709 1557 2728 cessare

241 2739 354 2771 ceteri;
373 2739 410 2766 ib.
432 2740 589 2774 quondam
608 2746 667 2774 pro
682 2739 756 2774 quin
772 2747 796 2770 e,
817 2738 941 2774 quando
956 2746 990 2774 g.
1064 2745 1103 2773 17.
1119 2744 1180 2772 pro
1195 2736 1414 2769 cotnmodun13
1436 2736 1555 2762 lucrum

242 2774 347 2802 ceteri.
403 2773 442 2801 18.
459 2781 521 2808 pro
541 2781 618 2800 non:
640 2781 695 2800 nec
715 2773 828 2805 ceteri;
847 2773 885 2800 ib.
906 2773 937 2800 in
952 2775 1034 2800 textu
1048 2776 1211 2833 oportune,
1226 2771 1267 2798 al.
1282 2779 1319 2798 m.
1335 2770 1502 2805 inportune
1517 2778 1554 2801 a,-

243 2813 396 2844 oportune
406 2808 449 2843 f;
467 2808 654 2843 inoportune
674 2808 693 2835 i.
784 2816 833 2835 20.
854 2811 905 2834 aut
926 2815 1011 2842 corp.
1033 2815 1067 2833 ve
1099 2810 1193 2833 ment.
1213 2805 1318 2840 abdsg.
1409 2812 1447 2832 21.
1471 2804 1495 2831 si
1516 2804 1553 2831 sit

243 2843 321 2877 bdei,
342 2851 361 2870 a
381 2844 421 2870 al.
442 2850 479 2870 m.
535 2841 577 2869 23.
599 2842 630 2870 in
649 2845 733 2870 textu
775 2843 836 2877 uia,
856 2842 897 2869 al.
912 2850 949 2870 m.
970 2841 1053 2877 quod
1074 2849 1104 2868 α.
1160 2840 1201 2868 25.
1224 2840 1330 2867 beatus
1345 2839 1515 2874 Gregorius
1535 2838 1555 2865 i.

243 2878 291 2905 26.
313 2877 365 2905 sed
383 2885 442 2912 pro
464 2877 603 2912 sequitur
623 2877 642 2904 i.
738 2851 785 2911 23,
806 2885 850 2912 27.
872 2877 1007 2911 quelibet
1026 2876 1054 2903 Ιι.
1152 2874 1187 2901 28
1219 2874 1409 2902 mercancias
1429 2873 1558 2904 ahcdei:

244 2913 282 2940 lb,
303 2912 373 2939 fecit
393 2920 422 2939 α.
551 2919 597 2946 29.
619 2920 687 2939 curn
709 2919 815 2938 corum
837 2911 940 2938 ceteri.
1065 2908 1110 2936 30.
1127 2917 1188 2944 pro
1210 2917 1259 2936 se:
1281 2909 1317 2936 dc
1338 2917 1379 2940 ce,
1400 2912 1428 2935 et
1449 2907 1555 2935 ceteri.

244 2946 285 2982 31,
305 2946 349 2975 32.
371 2946 578 2974 committitur
598 2954 640 2974 ce.
714 2945 757 2974 33.
778 2946 903 2981 capiens
924 2945 951 2972 d.
1026 2944 1072 2978 34.
1095 2944 1193 2979 magis
1215 2944 1243 2972 d.

1591 894 1647 921 wt-
1670 903 1739 929 may
1762 899 1813 921 not

1574 938 1612 964 go
1634 934 1663 956 to
1685 929 1779 956 Rome
1801 933 1831 955 t‹›

1590 969 1638 998 get
1661 963 1819 991 benetices.
