2002 3359
200 268 270 302 106

236 388 345 414 Monlts
366 390 424 415 and

216 423 304 449 triars
326 423 435 450 should

241 462 291 484 not
313 458 360 484 aid
385 459 412 484 in

269 493 385 527 getting

200 528 455 562 appropriations

250 562 394 595 although

192 597 400 623 commanded
425 598 463 623 bv

195 631 272 657 their
294 630 452 665 superfiuis

255 670 285 692 to
307 667 345 692 do
367 675 410 693 so.

187 1838 215 1864 A
237 1838 330 1864 monk
351 1842 463 1864 cannot

204 1872 302 1899 direst
324 1872 449 1899 himself

190 1907 224 1933 of
235 1906 467 1942 rcsponsibility

270 1942 299 1968 in
321 1942 381 1968 this

267 1981 388 2003 matter.

915 274 1137 305 „IOHANNIS
1166 273 1349 304 WYCLIF
1588 260 1692 317 [CAP.
1714 271 1794 298 vin.

482 380 654 427 dyaboli,
689 389 730 415 ut
764 392 869 415 nunc
885 379 1123 425 suggeritur,
1148 381 1254 426 quod
1270 379 1414 415 virtute
1430 391 1540 415 sacre
1563 379 1795 416 obediencie

481 447 641 485 oportet
686 439 870 473 laborare
918 446 1069 473 attente
1115 437 1415 473 commiscendo
1462 437 1671 473 mendacia
1723 451 1794 485 pro

482 495 792 543 appropriandis
817 495 994 531 ecclesiis
1017 495 1077 531 vel
1100 494 1414 542 multiplicandis
1448 495 1681 531 redditibus
1716 497 1794 531 Sed

483 554 587 589 istud
633 562 905 589 commentum
952 553 1076 601 patris
1129 553 1329 589 mendacii
1373 553 1506 590 statim
1546 552 1796 589 convincitur

486 624 555 658 per
588 612 663 646 hoc
697 613 804 659 quod
850 610 1002 659 precise
1035 620 1190 647 tantum
1237 610 1505 647 obediendum
1540 620 1597 647 est
1640 611 1795 658 privato

486 668 690 717 preposito
724 678 919 717 quantum
966 671 1062 705 deus
1095 668 1265 717 precipit
1298 669 1559 705 conformiter
1591 668 1667 716 legi
1712 681 1794 704 sue.

485 728 577 763 Ideo
608 729 695 763 Act.
727 728 741 762 5
780 727 917 763 dicunt
941 727 1132 775 apostoli:
1167 727 1355 764 ‘Obedire
1379 736 1538 775 oportet
1563 726 1688 774 magis
1721 728 1795 763 deo

484 798 604 833 quam
636 786 895 832 hominibus'‚
930 785 1019 822 ideo
1044 785 1199 821 videtur
1224 785 1345 822 michi
1370 786 1475 833 quod
1502 785 1609 821 missi
1634 786 1683 821 ad
1717 786 1795 821 tale

481 843 660 879 officium
696 845 927 891 detegerent
948 843 1160 880 mendacia
1194 843 1379 892 Symonis
1404 853 1442 880 et
1466 851 1732 891 procurarent
1755 842 1795 878 in

482 901 536 937 eis
570 902 884 938 dissolucionem
924 901 1155 949 symoniace
1199 902 1428 950 pravitatis3
1473 901 1528 938 sic
1563 901 1667 938 enim
1702 913 1794 937 con-

480 960 649 1007 sumpsit
689 961 868 996 Thomas
908 960 1093 996 Didimus
1137 961 1372 997 thezaurum
1413 959 1516 1008 regis
1557 959 1792 996 Gundofori.

480 1020 593 1053 Nunc
632 1027 765 1054 autern
801 1019 1032 1066 blaspheme
1067 1017 1212 1054 dicitur
1245 1020 1352 1066 quod
1386 1031 1491 1066 papa
1525 1017 1794 1066 approprians

478 1076 537 1111 vel
573 1076 854 1112 confirmando
889 1085 955 1112 aut
980 1077 1151 1112 tacendo
1176 1078 1405 1125 approbans
1429 1089 1475 1112 eo
1499 1075 1586 1124 ipso
1609 1075 1795 1112 licenciat

479 1136 586 1181 quod
621 1134 731 1182 prius
765 1134 837 1170 fuit
883 1134 1080 1171 illicitum.
1114 1136 1214 1170 Nam
1250 1135 1355 1171 idem
1389 1135 1492 1171 foret
1538 1135 1613 1170 hoc
1660 1133 1794 1169 dicere

479 1201 515 1228 et
549 1192 678 1240 ipsum
715 1193 902 1229 extollere
937 1205 1057 1240 super
1091 1193 1225 1239 deum,
1265 1193 1359 1241 quia
1392 1193 1432 1228 in
1467 1192 1529 1228 die
1562 1205 1641 1240 qua
1674 1204 1795 1227 unus-

479 1250 649 1299 quisque
682 1264 782 1287 onus
817 1264 932 1286 Suum
969 1250 1159 1298 portabit,
1193 1264 1273 1287 non
1308 1250 1511 1287 excusabit
1536 1251 1795 1298 blasphemus

479 1320 590 1344 error
624 1322 727 1357 pape
760 1310 819 1345 vel
853 1308 995 1357 prelati
1036 1308 1199 1345 alterius
1232 1322 1312 1357 quo
1345 1322 1385 1346 se
1419 1318 1456 1345 et
1489 1322 1580 1345 suos
1613 1307 1795 1344 subditos

479 1366 589 1403 ducit
635 1366 674 1402 in
719 1367 888 1412 foveam,
934 1368 1002 1403 sed
1049 1367 1145 1403 fides
1190 1367 1400 1415 scripture,
1447 1380 1524 1415 que
1557 1375 1615 1403 est
1651 1365 1794 1402 ultima

478 1425 663 1460 voluntas
688 1424 918 1462 testamenti
944 1425 1020 1470 dei,
1045 1434 1081 1461 et
1107 1424 1319 1472 duplicitas
1348 1425 1549 1461 temerarii
1577 1436 1794 1461 consensus

479 1484 837 1530 condempnabunt
869 1483 967 1519 tales
1001 1483 1040 1518 in
1064 1483 1127 1519 die
1160 1483 1393 1520 novissimo.
1438 1486 1537 1520 Nam
1575 1483 1672 1519 false
1706 1495 1794 1529 sug-

479 1550 621 1588 gerunt
636 1550 672 1577 et
697 1542 904 1589 dyabolice
928 1541 1095 1577 incitant
1120 1554 1266 1589 papam
1284 1542 1343 1578 vel
1360 1542 1557 1589 prelatum
1576 1542 1625 1577 ad
1642 1540 1794 1576 facinus

479 1608 515 1634 et
540 1608 628 1646 post
653 1608 861 1647 tamquam
887 1611 1079 1647 precones
1103 1599 1220 1635 huius
1244 1600 1404 1636 sceleris
1428 1601 1630 1647 gravando
1663 1598 1792 1646 ipsum

478 1656 517 1692 in
551 1670 671 1704 opere
707 1657 917 1705 multiplici
960 1666 1242 1704 persecuntur:
1277 1667 1313 1694 et
1345 1660 1454 1705 quod
1500 1658 1573 1694 ista
1621 1669 1702 1692 non
1745 1655 1794 1692 sit

479 1715 688 1751 excusacio
723 1717 789 1751 sed
825 1715 1037 1752 accusacio
1076 1715 1186 1751 novit
1231 1715 1345 1751 iudex
1379 1729 1400 1751 a
1435 1715 1545 1751 cuius
1590 1713 1791 1751 sentencia

478 1786 559 1809 non
593 1773 685 1809 licet
719 1773 908 1821 cuiquam
945 1774 1164 1820 appellare.

541 1831 683 1867 Tereia
717 1831 926 1867 excusacio
959 1831 997 1866 in
1030 1831 1205 1878 peccatis
1230 1840 1300 1874 est,
1334 1833 1441 1879 quod
1467 1830 1690 1867 claustralis
1714 1842 1793 1866 non

485 1888 717 1925 intromittit
750 1902 789 1925 se
823 1892 870 1925 de
894 1888 1053 1930 talibus,
1079 1891 1146 1925 sed
1181 1902 1269 1924 cum
1297 1898 1553 1926 contentatur
1586 1891 1634 1924 de
1657 1887 1794 1936 paucis

484 1960 529 1983 ac
563 1960 682 1994 parce
715 1948 790 1984 vite
823 1947 1073 1990 necessariis,
1108 1949 1248 1983 devote
1282 1949 1560 1996 contemplans
1601 1956 1636 1983 et
1676 1957 1795 1983 orans

484 2018 618 2042 coram
663 2006 830 2042 domino
877 2015 1087 2042 excusatur
1120 2008 1217 2041 deus
1263 2006 1368 2041 enim
1414 2007 1497 2043 vult
1541 2007 1648 2054 quod
1695 2003 1795 2040 servi

481 2063 539 2099 sui
564 2065 611 2099 de
634 2076 706 2099 suo
731 2064 859 2099 reditu
884 2072 1176 2109 sustententur3
1210 2065 1276 2099 sed
1311 2073 1448 2100 caveat
1478 2064 1534 2100 sic
1558 2065 1724 2111 loquens
1748 2063 1795 2097 de

481 2121 754 2158 taciturnitate
778 2135 855 2170 qua
881 2122 1067 2158 mutescit
1090 2135 1170 2158 non
1194 2123 1526 2169 reprehendendo
1556 2120 1794 2169 prepositos,

550 2253 569 2271 1.
587 2244 696 2271 virtute
712 2245 774 2275 celi,
789 2245 916 2272 virtutes
932 2246 1035 2272 ceteri.
1110 2253 1134 2272 2.
1152 2254 1207 2280 pro
1222 2254 1279 2272 om.
1296 2253 1336 2272 ce.
1410 2244 1435 2272 3.
1452 2244 1676 2273 mortificandis
1697 2241 1795 2279 bcefh,

479 2287 560 2306 corr.
574 2280 603 2306 in
617 2280 778 2314 multiplic.
789 2280 840 2313 ad,
854 2281 1015 2314 multiplic.
1028 2280 1073 2316 gi.
1128 2290 1158 2314 4.
1171 2281 1251 2307 istud
1267 2281 1315 2311 blz,
1326 2281 1399 2307 illud
1413 2281 1526 2311 celeri,·
1543 2281 1580 2307 ih.
1594 2280 1795 2306 coniunctum

479 2312 576 2349 bcqflz.
644 2315 667 2341 5.
686 2322 738 2348 per
754 2322 784 2340 se
798 2319 871 2341 tant.
889 2315 957 2349 cefff:
969 2316 1006 2341 ib.
1021 2316 1136 2349 private
1149 2323 1193 2348 ce,
1207 2316 1327 2350 privato
1339 2315 1618 2351 0771.l2f,alvm.ad.
1687 2313 1714 2340 ὁ.
1729 2321 1796 2348 prc-

479 2349 559 2382 cepit
579 2356 635 2379 ag.
709 2350 735 2375 S.
758 2350 843 2388 quasi
866 2350 949 2376 hom.
972 2350 1024 2380 bc:
1043 2350 1082 2376 ib.
1104 2350 1185 2384 quod
1203 2350 1275 2376 nulli
1291 2349 1392 2384 hcefg,
1414 2351 1499 2377 multi
1516 2358 1598 2377 corr.
1620 2350 1650 2376 in
1672 2348 1757 2375 missi
1775 2348 1796 2373 ι’.

479 2390 507 2411 (μ
529 2383 684 2410 oracionis
704 2384 806 2420 lmffg,
829 2392 911 2411 corr.
928 2385 958 2411 in
979 2385 1127 2420 Symonis
1142 2384 1191 2411 ad.
1267 2392 1299 2411 ιι.
1322 2384 1466 2411 Didimus
1485 2385 1584 2420 abces.
1605 2384 1748 2411 Adumus
1767 2382 1796 2415 d,

481 2417 589 2444 Didius
616 2418 722 2445 ceteri.
815 2418 851 2445 13.
882 2420 924 2445 vel
953 2419 1084 2445 tacendo
1111 2419 1212 2455 acegi.
1305 2427 1344 2451 14.
1390 2419 1439 2445 uid
1462 2419 1547 2454 prius
1573 2427 1615 2447 ce.
1644 2418 1715 2453 quin
1747 2415 1798 2453 bf,-

478 2452 515 2478 ih.
538 2453 654 2479 licitum
676 2451 738 2489 huss.
831 2453 867 2481 15.
889 2454 917 2480 in
941 2453 988 2480 die
1010 2454 1060 2480 illo
1081 2461 1142 2488 quo
1161 2453 1207 2488 af,
1235 2453 1262 2480 in
1292 2453 1343 2480 illo
1394 2454 1420 2480 ie
1440 2462 1501 2488 quo
1522 2454 1547 2486 b,
1568 2454 1596 2480 in
1620 2453 1668 2479 die
1689 2461 1749 2487 quo
1770 2460 1796 2478 e.

480 2495 518 2520 17-
541 2496 613 2513 suos
634 2495 691 2514 om.
720 2486 830 2524 abcqfi.
922 2496 963 2523 ις).
993 2489 1133 2514 voluntas
1153 2488 1204 2522 dlz,
1233 2487 1344 2514 volicio
1371 2489 1487 2520 ceteri‚·
1513 2489 1553 2515 ib.
1581 2492 1607 2514 et
1634 2496 1691 2515 om.
1720 2485 1795 2522 bccff,

478 2522 517 2547 al.
541 2530 576 2547 m.
598 2529 627 2548 a.
718 2529 764 2548 20.
786 2523 1027 2557 condetnpnabit
1047 2523 1095 2549 ab.
1186 2530 1225 2549 21.
1255 2527 1281 2548 et
1309 2523 1486 2555 symoniace
1513 2528 1540 2549 ct
1561 2522 1724 2555 dyabolice
1744 2522 1797 2559 df,·

478 2556 515 2582 ib.
538 2557 686 2582 suscitant
709 2556 808 2593 abcef,
830 2565 911 2584 corr.
933 2557 963 2584 in
991 2557 1117 2584 incitant
1144 2558 1183 2588 cl,-
1215 2557 1253 2583 ili.
1282 2558 1430 2591 populum
1459 2566 1539 2584 corr.
1569 2555 1598 2584 ih
1627 2565 1739 2592 papam
1768 2558 1798 2588 i,-

481 2590 518 2616 sb.
542 2591 674 2625 prelatos
695 2592 816 2628 abcfgl'.
900 2600 943 2619 22.
965 2596 1026 2619 tani
1049 2600 1107 2618 om.
1128 2592 1211 2627 adsi.
1297 2592 1338 2619 25.
1361 2593 1533 2627 cuicunque
1552 2600 1595 2619 ce.
1688 2599 1730 2627 27.
1753 2592 1798 2619 in-

478 2625 628 2652 troniittat
650 2622 765 2658 celeri,-
785 2627 822 2653 ih.
845 2635 875 2653 se
896 2635 954 2654 om.
978 2627 1040 2654 cell.
1126 2628 1171 2653 28.
1195 2627 1297 2661 parcis
1318 2627 1423 2654 ceteri.
1510 2626 1555 2654 30.
1578 2632 1735 2654 sustentur
1754 2625 1794 2663 [ψ.

549 2712 579 2743 7.
606 2704 680 2733 Act.
703 2702 731 2742 5,
751 2714 782 2746 ς).
862 2714 911 2735 11.
939 2704 990 2735 Cf.
1013 2704 1170 2742 Loserth,
1196 2703 1365 2735 ,Iohannis
1384 2705 1497 2747 Wycl.
1523 2705 1722 2744 Sermones,
1743 2705 1796 2744 ΙΙΙ,

477 2747 555 2790 498,
576 2756 606 2779 et
622 2749 699 2779 Carl
720 2750 942 2789 itomanam,
962 2750 1038 2781 The
1057 2751 1149 2792 early
1166 2750 1273 2781 south
1297 2750 1440 2792 English
1459 2751 1662 2794 legendary
1679 2752 1796 2794 (Early

478 2794 621 2835 English
638 2795 725 2826 Text
744 2796 897 2838 Society)
917 2807 948 2838 p.
970 2796 1027 2828 381
1049 2807 1136 2838 seqq
1153 2822 1160 2834 ‚
1182 2807 1273 2837 quos
1292 2797 1391 2828 locos
1410 2796 1492 2827 mihi
1515 2797 1551 2827 F.
1572 2797 1611 2828 D.
1633 2798 1796 2829 Matthew

476 2841 529 2870 vir
543 2841 765 2873 doctissimus
781 2842 928 2883 benigne
944 2843 1227 2874 subministravit.
1249 2843 1297 2874 De
1317 2843 1470 2885 Didymo
1489 2853 1515 2876 S.
1535 2843 1695 2875 Thomae
1710 2854 1795 2885 apo-

476 2886 555 2917 stoli
573 2888 784 2929 cognomine
804 2887 845 2919 cf.
860 2888 938 2920 Joh.
959 2899 1008 2929 11,
1030 2887 1078 2929 16,
1100 2888 1144 2920 ib.
1161 2898 1215 2928 20,
1231 2897 1274 2929 24
1289 2895 1321 2920 et
1337 2899 1389 2929 21,
1407 2899 1436 2920 2.
1523 2889 1572 2920 15.
1590 2890 1699 2922 Galat.
1716 2889 1748 2930 6,
1765 2889 1792 2921 5.

1815 912 1853 933 10

1815 1194 1850 1226 15

1812 1494 1853 1514 ’ΖΟ

1811 1775 1851 1807 25

1812 2065 1853 2096 30
