2002 3359
167 1019 213 1046 No
234 1018 379 1046 electioris
402 1017 439 1054 by

196 1063 277 1081 mere
298 1054 412 1080 human

185 1090 350 1117 traditions
372 1096 421 1115 are

244 1125 359 1152 lawful.

887 316 1109 347 innixurus
1136 315 1320 345 wvcrir
1581 299 1685 355 [CAP.
1708 308 1760 335 iv.

452 438 644 462 evacuare
690 433 852 472 peccata
896 422 1101 458 obstancia
1136 430 1171 456 et
1205 419 1318 455 inniti
1360 418 1509 454 racioni
1548 418 1761 465 scripture:

452 485 555 519 unde
607 492 648 518 ut
699 482 796 518 alias
848 480 938 523 dixi,
989 487 1147 527 oportet
1197 477 1380 525 spiritum
1431 485 1613 512 sanctum
1666 476 1763 510 tales

452 541 639 578 continue
672 539 880 587 inspirare.
915 537 1071 573 Eleccio
1100 549 1192 573 vero
1225 534 1434 583 inprovida
1456 533 1610 570 videtur
1643 532 1764 568 michi

451 599 490 635 in
530 598 726 645 ambiguis
765 596 881 632 inniti
920 593 1110 632 eleccioni
1151 594 1369 630 secundum
1414 591 1655 628 tradiciones
1694 592 1764 626 hu-

452 669 604 702 manas,
637 655 704 691 ubi
736 668 827 703 pars
861 654 938 690 alia
977 655 1024 689 de
1057 654 1141 701 lege
1180 651 1242 688 dei
1275 651 1409 699 patule
1443 659 1499 686 est
1531 661 1681 685 secura.
1717 650 1797 684 Et5

452 715 507 751 sic
539 714 695 750 videtur
739 713 861 749 michi
905 713 1013 760 quod
1057 710 1187 747 omnis
1227 709 1374 757 eligens
1415 721 1494 756 quo
1533 708 1582 743 ad
1616 715 1762 742 statum

451 774 511 809 vel
557 773 720 808 modum
760 770 915 807 vivendi
960 779 1028 806 aut
1072 768 1265 817 operandi
1310 767 1350 803 in
1395 775 1499 802 statu
1544 765 1763 801 secundum

452 830 693 867 tradiciones
739 830 948 873 humanas,
994 827 1158 863 dimissa
1189 826 1252 862 via
1285 838 1384 873 eque
1418 824 1523 860 facili
1558 832 1594 859 et
1626 823 1763 871 patula

453 890 671 925 secundum
711 888 837 935 legem
878 886 953 932 dei,
998 894 1136 933 peccat
1174 883 1357 932 graviter,
1401 882 1492 918 licet
1529 880 1763 929 ignorancia

454 960 497 984 ex
529 955 694 995 peccato
726 945 850 993 priori
883 957 953 993 per
985 943 1159 991 graciam
1194 942 1256 978 dei
1278 941 1318 977 in
1341 940 1520 989 pluribus
1543 948 1761 976 excusatur.
1785 957 1823 979 10

454 1008 501 1042 Et
525 1005 579 1041 sic
601 1004 756 1040 videtur
780 1003 901 1039 michi
926 1003 1031 1050 quod
1056 1002 1162 1037 nulle
1187 1000 1381 1036 eleciones
1414 1011 1511 1046 pure
1545 998 1764 1034 secundum

453 1062 694 1100 tradiciones
727 1063 923 1097 humanas
956 1069 1046 1096 sunt
1079 1059 1197 1104 licite,
1232 1059 1299 1094 sed
1322 1057 1531 1105 implicans
1557 1068 1597 1092 se
1619 1055 1659 1091 in
1682 1054 1766 1090 istis

454 1121 521 1157 ubi
565 1129 698 1169 posset
743 1121 961 1156 secundum
1003 1119 1129 1165 legem
1171 1116 1232 1152 dei
1277 1115 1535 1163 supersedere
1569 1127 1590 1150 a
1622 1112 1767 1149 talibus

455 1188 593 1228 peccat
622 1178 805 1226 graviter,
841 1186 878 1213 et
901 1177 955 1212 sic
978 1176 1132 1212 videtur
1166 1174 1287 1210 michi
1320 1174 1426 1221 quod
1459 1171 1767 1208 adinvenciones

455 1250 593 1274 omnes
633 1236 842 1273 hominum
876 1243 1008 1283 preter
1042 1234 1160 1269 fidem
1196 1232 1390 1280 scripture
1424 1239 1514 1267 sunt
1548 1230 1765 1266 secundum
1787 1240 1824 1272 15

455 1297 543 1344 plus
575 1296 634 1331 vel
668 1294 798 1330 minus
831 1292 1059 1341 culpabiles.
1095 1294 1143 1327 Et
1175 1290 1230 1327 sic
1262 1290 1416 1326 videtur
1449 1287 1569 1324 michi
1599 1288 1705 1335 quod
1728 1286 1768 1322 in

456 1353 654 1402 principio
677 1351 902 1400 argumenti
925 1363 1061 1387 verum
1087 1348 1350 1394 concluditur,
1375 1360 1464 1383 cum
1489 1345 1630 1382 melius
1653 1345 1768 1390 foret,

457 1413 564 1460 quod
608 1420 691 1448 tota
739 1419 882 1446 natura
927 1410 1102 1444 humana
1136 1407 1381 1455 regularetur
1420 1417 1516 1453 pure
1549 1404 1768 1440 secundum

457 1471 634 1518 regulam
669 1467 885 1516 ewangelii,
920 1468 1112 1503 subducta
1146 1456 1269 1502 omni'
1288 1465 1374 1512 lege
1398 1464 1574 1499 humana
1601 1461 1770 1505 adiecta,

458 1527 551 1577 quia
584 1540 628 1564 ex
660 1527 738 1563 fide
770 1528 867 1563 deus
906 1525 1082 1573 prescius
1128 1523 1309 1560 omnium
1343 1522 1570 1557 futurorum
1604 1518 1770 1555 tradidit
1786 1542 1827 1564 20

458 1599 528 1634 per
551 1585 753 1622 Christum
789 1594 825 1621 et
857 1596 950 1620 suos
983 1583 1184 1630 apostolos
1217 1579 1532 1628 complecionem
1566 1577 1661 1625 legis
1695 1589 1769 1624 pro

459 1643 705 1680 beatitudine
744 1642 1008 1691 acquirenda,
1053 1640 1257 1688 quomodo
1304 1651 1397 1686 ergo
1434 1650 1514 1673 non
1560 1634 1770 1683 superfluit

459 1715 538 1750 quo
571 1703 757 1738 adhunc
791 1701 910 1737 finem
958 1699 1224 1747 superaddere
1268 1708 1412 1732 novam
1458 1694 1610 1742 legem?
1656 1693 1769 1730 Unde

458 1760 641 1796 videntur
674 1772 756 1795 esse
789 1757 973 1805 discipuli
1007 1755 1242 1801 antichristi,
1277 1754 1344 1802 qui
1378 1753 1515 1789 dicunt
1548 1752 1655 1799 quod
1687 1759 1768 1786 tarn

459 1817 727 1855 necessarium
773 1825 829 1853 est
862 1816 1129 1863 superaddere
1162 1825 1306 1849 novam
1338 1812 1465 1859 legem
1498 1809 1573 1857 legi
1607 1807 1769 1851 Christi,
1789 1823 1827 1855 25

459 1889 579 1924 quam
619 1874 888 1911 necessarium
928 1873 1000 1909 fuit
1038 1874 1163 1920 legem
1200 1870 1346 1908 Christi
1391 1868 1657 1917 superaddere
1695 1865 1771 1913 legi

459 1933 593 1970 veteri.
646 1936 703 1969 De
747 1932 822 1969 isto
868 1931 972 1968 alibi.
1029 1933 1076 1966 Et
1123 1930 1178 1966 ita
1230 1929 1419 1973 concedo,
1473 1926 1579 1974 quod
1632 1933 1770 1967 status,

461 2001 620 2038 statuta,
656 2000 692 2028 et
724 1990 822 2027 ritus
856 1989 999 2026 adiecti
1044 1989 1263 2024 secundum
1296 1985 1537 2022 tradiciones
1577 1984 1772 2019 humanas

531 2158 550 2177 1.
573 2149 694 2177 racione
715 2148 774 2176 hee.
830 2147 853 2175 5.
876 2148 906 2175 in
926 2149 1011 2174 textu
1032 2145 1197 2181 paciencie,
1219 2144 1260 2171 al.
1276 2152 1312 2171 m.
1330 2143 1430 2178 patule
1445 2150 1473 2174 a,
1496 2140 1650 2177 paciencie
1665 2139 1776 2176 bcefg;

461 2184 498 2212 ib.
521 2185 621 2212 secula
641 2184 712 2220 abg.
774 2183 801 2210 ὃ.
822 2183 871 2209 via
891 2183 932 2209 al.
953 2190 991 2208 m.
1013 2189 1042 2213 a,
1061 2188 1118 2208 om.
1140 2179 1246 2214 cdefg.
1309 2186 1350 2205 10.
1373 2177 1468 2212 priori
1491 2177 1531 2203 al.
1553 2185 1590 2203 m.
1611 2183 1639 2206 a,
1660 2182 1717 2201 om.
1739 2183 1773 2207 g.

462 2229 495 2247 11.
523 2219 634 2247 tradite
664 2226 738 2254 pure
765 2226 821 2254 ag.
930 2215 967 2244 13.
997 2216 1026 2243 1’n
1047 2218 1131 2242 textu
1159 2219 1270 2250 preter,
1296 2214 1338 2240 al.
1359 2221 1396 2239 m.
1419 2215 1524 2246 posset
1543 2211 1581 2243 cl,·
1608 2213 1712 2245 posset
1733 2208 1774 2239 lzl',

462 2258 562 2289 potest
588 2253 692 2280 ceteri.
802 2251 838 2279 15.
867 2256 936 2286 post
963 2251 1053 2278 fidem
1080 2250 1098 2276 ii
1209 2248 1247 2276 18.
1276 2255 1368 2282 quam
1394 2251 1456 2273 tota
1483 2245 1595 2272 eleccio
1622 2244 1775 2279 reguletur

461 2289 583 2323 (eleccio
596 2289 637 2315 al.
652 2295 701 2314 vm
719 2287 747 2322 Ιι,
771 2287 926 2321 reguletur
940 2293 964 2312 e,
1023 2292 1064 2325 19.
1080 2285 1176 2319 legem
1191 2284 1244 2317 (al.
1259 2286 1321 2312 vm,
1337 2280 1495 2315 ‹axx-angelii
1510 2280 1538 2306 lz.
1595 2287 1641 2306 20.
1657 2278 1728 2313 quia
1744 2293 1773 2296 —-

461 2323 588 2350 tradidit
609 2330 666 2349 om.
689 2323 709 2349 i.
811 2328 849 2348 21.
872 2329 928 2356 pro
949 2328 1007 2347 om.
1029 2328 1050 2346 1.
1136 2325 1179 2345 22.
1200 2318 1233 2345 In
1255 2317 1363 2344 codiee
1383 2316 1396 2342 i
1412 2316 1479 2342 solo
1489 2316 1569 2375 ίξοεΐ
1586 2311 1775 2348 acquirenda

461 2359 535 2385 llaec
560 2357 746 2384 intercalata
774 2358 845 2383 sunt
871 2355 982 2382 verba.-
1012 2353 1084 2415 quia
1113 2353 1203 2380 debet
1233 2351 1355 2386 dignior
1382 2359 1443 2384 quo
1470 2358 1484 2376 a
1534 2348 1773 2384 graduacionem

462 2393 654 2420 scolasticam
683 2390 821 2426 preferri.
855 2389 914 2418 Sed
943 2397 997 2417 nec
1032 2396 1081 2415 ioc
1107 2391 1215 2414 vacuat
1243 2386 1317 2421 legis
1344 2384 1535 2412 blasfemiam
1558 2390 1612 2410 nec
1632 2382 1775 2410 iustificat

462 2427 706 2454 declaracionem
728 2425 880 2460 papalem,
909 2432 978 2451 cum
1007 2431 1078 2457 sepe
1105 2430 1166 2449 non
1189 2421 1356 2456 graduatus
1377 2419 1415 2446 sit
1436 2417 1577 2453 superior
1597 2421 1625 2444 et
1644 2416 1775 2443 habilior

461 2462 498 2489 ad
521 2462 655 2496 regimen
676 2460 860 2487 animarum.
882 2459 1027 2486 Tercium
1049 2465 1120 2484 vero
1141 2464 1236 2491 genus
1257 2454 1372 2482 heresis
1386 2452 1563 2489 symoniace
1577 2451 1658 2487 quod
1675 2455 1775 2486 potest

463 2504 573 2532 papam
596 2495 784 2530 contingere,
805 2498 850 2521 est
865 2493 1040 2521 inordinata
1054 2491 1165 2519 volicio
1181 2489 1357 2525 preficiendi
1373 2492 1495 2515 curatos
1510 2486 1633 2513 ecclesie
1649 2490 1775 2520 propter

462 2530 630 2558 comodum
652 2529 837 2564 temporale3
865 2532 893 2555 et
919 2528 977 2555 ista
1003 2526 1144 2562 symonia
1165 2524 1292 2552 infinitis
1312 2523 1415 2550 modis
1437 2526 1537 2557 potest
1557 2521 1604 2548 ius
1626 2520 1774 2548 Christia-

462 2566 599 2593 nismum
626 2565 683 2592 late
711 2564 843 2591 inficere.
876 2562 913 2589 Et
935 2570 988 2597 per
1008 2562 1066 2588 ista
1087 2564 1168 2596 patet
1189 2558 1307 2586 solucio
1329 2558 1364 2585 ad
1388 2557 1521 2592 primam
1542 2555 1772 2582 conclusionem

462 2600 594 2628 Luciferi
616 2599 756 2634 negando
776 2598 877 2633 ipsam
899 2600 929 2624 ut
956 2604 1076 2623 summe
1103 2594 1278 2622 hereticam.
1312 2592 1349 2620 Et
1377 2596 1526 2626 qnantum
1554 2590 1590 2617 ad
1618 2589 1773 2617 racionem

463 2635 628 2662 informem
650 2638 732 2669 patet
774 2632 834 2659 uod
856 2632 940 2659 solus
960 2631 1035 2657 deus
1056 2634 1101 2657 est
1121 2629 1266 2656 dominus
1287 2627 1337 2662 qui
1360 2634 1484 2661 peccare
1505 2633 1565 2652 non
1588 2629 1698 2659 potest,
1726 2623 1772 2650 cui

463 2678 531 2697 com
559 2669 610 2696 etit
630 2642 912 2703 quomodocunque
932 2664 1063 2692 voluerit
1083 2664 1124 2691 uti
1146 2664 1222 2690 suis.
1241 2662 1278 2689 Et
1298 2666 1446 2697 quantum
1469 2660 1505 2687 ad
1528 2659 1678 2687 minorem
1695 2662 1776 2693 patet

464 2712 525 2739 quo
570 2712 648 2738 papa
668 2703 814 2730 existente
834 2701 915 2728 iusto
936 2700 1027 2727 habet
1053 2699 1173 2726 titulum
1202 2696 1422 2731 cxx-angelicum
1450 2695 1486 2722 ad
1515 2702 1605 2721 usum
1632 2693 1772 2720 omnium

466 2737 684 2773 temporalium
705 2737 830 2764 ecclesie
851 2735 1021 2768 militantis,
1043 2742 1097 2761 nec
1117 2738 1161 2760 est
1182 2731 1393 2766 pompandum
1416 2730 1452 2757 de
1472 2729 1541 2761 isto,
1563 2728 1634 2764 quia
1649 2727 1776 2762 quilibet

463 2781 651 2800 conversans
677 2772 746 2807 ipso
775 2771 886 2798 iustior
916 2770 1007 2796 habet
1033 2768 1156 2795 titulum
1187 2767 1355 2797 veriorem;
1388 2765 1438 2791 sed
1470 2768 1571 2803 preter
1599 2763 1657 2789 hoc
1687 2761 1777 2788 habet

463 2808 584 2835 titulum
607 2806 757 2834 serviendi
780 2804 916 2838 ecclesie,
939 2802 1146 2836 ministrandi,
1174 2800 1365 2836 gubernandi
1393 2804 1421 2826 et
1447 2797 1648 2833 dispensandi
1670 2803 1776 2823 secun-

464 2843 536 2869 dum
558 2841 759 2876 ewangelium
781 2841 861 2867 bona
881 2839 1019 2873 ecclesie,
1046 2837 1128 2873 quod
1157 2841 1201 2863 est
1221 2835 1309 2862 valde
1330 2834 1462 2862 alienum
1485 2842 1501 2860 a
1521 2831 1657 2859 manerie
1677 2830 1776 2857 domi-

464 2877 568 2903 nandi.
590 2876 622 2903 ln
644 2876 702 2902 isto
725 2883 803 2910 papa
825 2878 925 2908 potest
945 2881 1046 2900 errare
1067 2871 1194 2899 faciliter
1215 2878 1268 2905 per
1289 2869 1448 2897 Christum
1471 2872 1498 2895 et
1519 2875 1593 2894 suos
1616 2865 1776 2900 apostolos

462 2910 705 2946 complecionem
732 2909 806 2943 legis
834 2917 889 2943 pro
917 2907 1102 2935 beatitudine
1128 2905 1324 2940 acquirenda.
1449 2910 1495 2936 24.
1522 2910 1588 2928 esse
1618 2901 1661 2927 al.
1681 2908 1719 2926 m.
1746 2899 1774 2926 Ιι.

464 2947 510 2975 ριὶ,
532 2954 576 2980 27.
599 2946 693 2979 legem
717 2949 846 2970 veterem
869 2951 895 2972 e,
917 2943 952 2969 ad
975 2943 1070 2975 legem
1094 2945 1224 2967 veterem
1246 2939 1346 2966 ceteri,
1419 2937 1463 2964 28.
1485 2941 1600 2963 statura
1621 2935 1695 2970 abg.
