2002 3359
205 918 243 938 10

205 1198 240 1229 15

205 2071 246 2104 30

257 270 347 299 cm.
359 259 430 316 vr]
770 269 829 300 DE
857 267 1057 300 SIMONIA.

259 381 485 417 sacerdotes
519 378 665 415 Christi
698 377 929 425 gaudebunt
974 374 1013 410 in
1047 375 1122 410 hoc
1155 373 1262 421 quod
1296 371 1403 419 digni
1448 370 1572 406 habiti

259 447 349 474 sunt
383 435 670 474 contumeliam
705 434 787 483 pati
821 446 893 483 pro
927 431 1090 469 nomine
1122 434 1211 468 „lesu
1248 428 1394 466 Christi
1419 428 1570 463 domini

259 496 342 533 sui?
393 495 468 544 Ipsi
517 504 651 532 autem
697 493 914 530 comedunt
957 489 1230 538 spiritualiter,
1285 488 1483 536 digerunt,
1536 495 1572 522 et

259 555 426 604 gignunt
458 554 498 590 in
531 551 696 589 domino
728 559 864 599 gentes
897 550 1031 595 fortes7
1066 558 1103 584 et
1137 547 1175 583 in
1210 546 1377 595 gloriam
1413 557 1574 581 conver-

259 626 394 649 sorum
431 611 599 660 apostoli
625 608 772 646 Christi
805 606 1053 656 superbiunt⁷
1084 605 1178 654 quia
1212 605 1251 641 in
1276 606 1350 641 hoc
1383 611 1574 651 superant

261 672 455 720 populum
490 669 749 705 iudicandum
784 679 902 715 quem
938 664 1012 712 ipsi
1045 672 1234 712 superent
1269 661 1442 699 finaliter
1474 660 1574 696 iudi-

260 738 409 775 canteS,
462 726 687 776 specialiter
718 724 749 761 si
789 723 862 773 ipsi
903 722 1125 771 gloriantur
1164 721 1203 758 in
1241 718 1574 758 tribulacionibus

260 796 424 836 propter
446 785 665 832 Christum,
700 790 998 832 perseverantes
1032 779 1205 817 finaliter
1239 779 1278 815 in
1312 787 1450 814 sancto
1484 790 1574 825 pro-

259 846 402 894 posito.
458 846 506 881 Et
539 843 632 880 hinc
665 841 761 878 dicit
791 839 1020 877 Jeronimus
1052 838 1231 888 Epistola
1264 837 1309 874 81
1350 837 1399 873 ad
1434 838 1575 871 Eusto-

259 904 394 941 chium
419 902 541 938 filiam
567 909 702 938 sancte
727 900 867 936 Paule:
903 897 1062 943 ‘Disce'‚
1095 896 1239 945 inquit,
1277 894 1329 931 ‘in
1362 895 1438 931 hac
1462 902 1574 942 parte

259 971 437 999 sanctam
462 959 717 1008 superbiam'.
751 959 805 995 Ex
829 956 913 993 istis
935 965 1057 1006 patet,
1088 964 1132 992 ut
1154 967 1248 1003 sepe
1271 952 1363 1000 dixi,
1387 965 1467 989 non
1492 964 1574 988 esse

260 1021 435 1057 colorem
490 1019 565 1055 hoc
618 1025 747 1066 potest
797 1017 897 1053 bene
951 1014 1049 1060 fieri,
1104 1025 1197 1061 ergo
1252 1024 1331 1049 non
1384 1019 1576 1059 peccatur

259 1078 442 1115 faciendo
458 1076 567 1113 illud.
592 1075 891 1113 Attendendum
910 1082 979 1120 est7
1006 1072 1186 1121 inquam,
1203 1071 1252 1108 ad
1270 1070 1434 1107 modum
1454 1082 1572 1117 quem

259 1136 385 1173 sancti
417 1135 594 1172 limitant
628 1147 670 1170 ex
703 1133 780 1170 fide
813 1131 1011 1180 scripture
1044 1130 1140 1167 illud
1174 1130 1319 1166 debere
1353 1127 1451 1164 fieri.

317 1193 523 1241 Contingit
539 1205 631 1240 ergo
649 1191 881 1240 episcopum
898 1202 982 1226 esse
1003 1187 1281 1237 symoniacum
1306 1186 1346 1223 in
1362 1199 1573 1234 progressu

257 1253 335 1289 vite
358 1265 427 1289 sue
450 1251 670 1299 tripliciter.
706 1249 853 1296 Primo,
885 1248 913 1285 si
939 1256 1029 1296 post
1051 1246 1272 1295 ingressum
1296 1244 1572 1293 symoniacum

259 1310 408 1347 omittit
452 1309 679 1358 episcopale
716 1307 894 1344 officium
934 1305 1150 1343 limitatum
1191 1303 1345 1341 cunctis
1378 1301 1576 1350 episcopis

260 1370 298 1405 in
330 1368 559 1418 Thimoteo,
597 1376 640 1403 ut
672 1375 782 1415 patet
814 1363 919 1402 alibi.
967 1366 1015 1401 Et
1053 1363 1130 1399 ista
1169 1372 1227 1399 est
1264 1363 1380 1409 longe
1419 1360 1578 1409 gravior

259 1426 443 1475 symonia
489 1439 608 1474 quam
656 1424 722 1460 illa
764 1436 840 1472 que
887 1421 1111 1459 comittitur
1156 1420 1195 1457 in
1240 1419 1434 1467 ingressu,
1484 1417 1577 1467 quia

260 1498 351 1522 arra
384 1483 565 1533 symonie
598 1482 709 1532 prius
743 1483 836 1518 data
859 1489 1063 1529 gravatur,
1097 1492 1185 1516 curn
1222 1478 1262 1514 in
1285 1478 1392 1514 facto
1418 1477 1576 1513 fedatur

261 1543 430 1580 ecclesia
475 1543 586 1591 lepra
625 1548 834 1578 contracta
868 1552 889 1576 a
922 1539 993 1576 tali
1027 1537 1244 1586 episcopo3
1289 1549 1384 1584 yrno
1417 1535 1448 1572 si
1483 1547 1576 1571 con-

260 1602 377 1638 tritus
410 1600 528 1637 fuerit
562 1599 777 1648 episcopus
810 1598 859 1634 ad
884 1598 1026 1634 horam
1052 1597 1100 1633 de
1122 1594 1357 1644 symoniaco
1380 1593 1575 1642 ingressu,

260 1669 350 1709 post
403 1659 630 1695 omittendo
684 1655 914 1694 inordinate
960 1654 1190 1703 episcopale
1238 1653 1416 1690 officium
1466 1651 1577 1700 prior

260 1717 457 1767 symonia,
492 1717 597 1753 idem
639 1715 820 1752 subiecto
865 1714 957 1750 licet
995 1726 1076 1750 non
1115 1721 1312 1760 tempore,
1358 1709 1576 1749 reviviscit:

261 1777 344 1826 ipse
384 1775 489 1813 enim
531 1784 588 1811 est
629 1773 718 1811 finis
759 1771 918 1810 malicie
956 1770 1139 1820 symonie
1179 1769 1338 1819 prioris.
1386 1771 1435 1805 Et
1466 1777 1578 1816 patet

262 1847 305 1872 cx
357 1833 636 1882 descripcione
683 1830 878 1880 symonie.
943 1832 1044 1867 Nam
1109 1827 1241 1866 omnis
1303 1826 1394 1864 talis
1458 1827 1577 1863 habet

261 1892 532 1929 inordinatam
572 1890 827 1928 volucionem
869 1887 1104 1926 comutandi
1149 1886 1358 1935 spirituale
1396 1884 1575 1922 officium

261 1964 334 2000 pro
368 1949 583 1999 temporali
616 1948 773 1998 preci03
808 1960 897 1984 cum
933 1946 1038 1983 enim
1073 1945 1263 1983 continue
1295 1943 1475 1981 succedit
1507 1955 1578 1978 no-

260 2022 353 2046 vum
377 2007 641 2058 episcopium,
665 2015 776 2056 patet
798 2006 907 2055 quod
930 2017 1004 2054 pro
1031 2005 1239 2052 voluptate
1272 2004 1333 2039 vel
1365 2002 1444 2039 alia
1477 2009 1576 2037 tem-

262 2066 393 2116 porali
428 2079 547 2103 causa
582 2064 812 2102 inordinate
845 2071 1102 2101 commutans
1146 2060 1357 2110 spirituale
1396 2059 1577 2097 officium

263 2126 305 2162 fit
339 2124 530 2162 continue
563 2122 833 2173 symoniacus.
878 2123 927 2158 Et
960 2121 1033 2158 iste
1065 2133 1204 2157 sensus
1236 2118 1394 2156 videtur
1427 2117 1577 2154 decreti

270 2197 278 2220 1
310 2183 520 2233 questione
548 2182 565 2219 3
594 2194 682 2231 cap.
717 2182 803 2217 Non
836 2181 974 2223 solum,
1005 2178 1072 2215 ubi
1107 2177 1254 2214 dicitur
1287 2178 1394 2226 quod
1428 2177 1575 2212 nedum

262 2242 317 2278 illi
351 2241 417 2291 qui
449 2240 668 2289 vulgariter
701 2239 964 2276 diffamantur
996 2235 1233 2286 symoniaci,
1267 2248 1404 2272 verum
1430 2234 1485 2271 hii
1509 2233 1577 2282 qui

262 2300 439 2350 graciam
486 2299 548 2336 dei
591 2299 651 2335 vel
695 2298 864 2347 gradum
911 2296 970 2333 vel
1015 2295 1193 2343 graciam
1240 2293 1491 2343 spiritualem
1538 2291 1577 2327 in

332 2420 357 2442 2.
377 2411 402 2440 3.
423 2412 541 2439 domini
563 2411 611 2439 dei
634 2411 680 2438 sui
701 2413 807 2438 ceterz.
881 2408 906 2437 3.
929 2409 1079 2445 degerunt
1097 2408 1126 2435 Ιι.
1201 2416 1229 2442 9.
1252 2406 1326 2434 dicit
1346 2414 1405 2434 om.
1425 2405 1462 2438 Ιι;
1484 2405 1522 2432 ila.
1543 2404 1578 2432 82

263 2447 367 2480 ceteri,
381 2447 581 2474 Eustachium
597 2446 661 2482 acf.
717 2453 758 2473 10.
774 2446 869 2472 filium
885 2445 903 2471 lt
914 2454 924 2476 ;
943 2445 981 2471 ib.
999 2444 1089 2471 Paule
1102 2451 1161 2470 om.
1176 2442 1234 2478 ces,
1250 2442 1292 2469 al.
1308 2450 1344 2468 m.
1361 2441 1390 2468 d.
1453 2449 1485 2468 11.
1508 2448 1577 2474 sup.

264 2487 358 2509 sanct.
380 2482 484 2520 ceter-j.
558 2480 595 2509 13.
617 2481 646 2508 in
668 2480 810 2507 faciendo
831 2479 1002 2512 ceteri;,1'h.
1024 2479 1060 2506 ad
1083 2487 1140 2505 om.
1162 2479 1182 2505 i.
1257 2485 1296 2512 17.
1317 2476 1431 2503 amittit
1452 2474 1575 2511 abcqu.

265 2518 304 2544 18.
326 2521 358 2544 ut
380 2522 440 2551 pat.
462 2524 492 2543 in
513 2516 619 2544 Tliim.
643 2515 714 2543 alibi
735 2523 788 2551 ag.
863 2522 906 2542 22.
928 2514 1022 2549 episc.
1043 2514 1084 2541 dl.
1099 2522 1137 2540 m.
1152 2521 1182 2543 a.
1203 2521 1261 2540 om.
1283 2520 1316 2547 g
1390 2518 1438 2543 24.
1459 2510 1525 2546 ipse
1545 2518 1577 2544 g,

263 2559 347 2579 corr.
369 2559 406 2578 ex
426 2556 564 2586 tempore
583 2559 612 2577 a.
669 2550 710 2578 25.
726 2558 788 2585 pro
810 2550 892 2585 ipse:
914 2550 970 2576 iste
991 2556 1073 2576 corr.
1095 2549 1125 2575 in
1147 2548 1195 2575 ille
1215 2547 1244 2580 d,
1266 2547 1322 2573 iste
1342 2546 1455 2574 ceteri.-
1475 2546 1512 2572 τὸ.
1534 2550 1579 2571 est

264 2595 322 2613 om.
337 2585 444 2624 fchfg,
466 2586 516 2613 fin.
531 2590 577 2612 est
591 2585 704 2618 ceteri;
723 2585 760 2612 ih.
777 2584 873 2612 eciam
890 2588 950 2618 pat.
965 2593 998 2620 g,
1018 2591 1101 2610 corr.
1117 2583 1147 2610 in
1168 2587 1196 2610 et
1216 2590 1245 2609 a.
1301 2582 1346 2608 28.
1367 2589 1429 2615 quo
1450 2587 1532 2607 corr.
1548 2579 1578 2606 ln

264 2625 408 2648 continue
423 2628 452 2651 α,
466 2629 526 2655 quo
542 2629 575 2655 g.
648 2627 694 2654 29.
709 2619 902 2654 episcopium
918 2619 947 2651 h,
963 2626 1045 2646 corr.
1062 2626 1100 2645 ex
1113 2617 1293 2652 episcopum
1309 2616 1338 2645 α’,
1355 2615 1578 2650 cpiscopumf,

266 2660 423 2689 peccatum
439 2655 552 2684 ceteri:
566 2655 648 2689 quod
665 2659 748 2689 patet
762 2654 844 2689 quod
860 2654 974 2684 ceteri:
988 2654 1026 2680 ib.
1040 2653 1196 2686 voluptate
1208 2651 1288 2686 cefh,
1302 2651 1458 2677 voluntate
1472 2649 1578 2677 celeri.

266 2690 304 2718 31.
320 2689 386 2728 vid..
398 2697 478 2716 sens.
494 2689 596 2717 ceteri.
665 2688 708 2716 32.
730 2697 796 2724 cap.
811 2696 869 2715 om.
886 2688 987 2724 hcefg,
1002 2688 1044 2715 al.
1059 2696 1097 2714 m.
1112 2695 1142 2714 (ι.
1209 2686 1251 2713 35.
1274 2685 1468 2712 defamantur
1482 2682 1580 2719 abfg;

266 2733 409 2763 symonia
423 2724 528 2751 ceteri.
583 2722 626 2757 33,
642 2722 689 2757 34.
704 2723 820 2750 Verum
835 2739 867 2743 —
883 2723 941 2756 dei,
961 2723 1002 2750 al.
1018 2731 1056 2749 m.
1070 2730 1089 2749 a
1100 2731 1110 2755 ,·
1125 2729 1186 2756 pro
1202 2721 1249 2747 llis
1263 2720 1382 2747 verbis:
1405 2719 1466 2754 Qui
1488 2727 1577 2746 usum

266 2764 365 2821 &ierit
381 2759 439 2821 (ig,
465 2767 555 2829 que?
577 2766 666 2786 usum
689 2758 790 2793 gracia
810 2766 836 2793 c,
863 2758 914 2793 qui
936 2765 1026 2784 usum
1048 2758 1149 2791 gracia
1172 2764 1207 2788 e;
1232 2763 1321 2782 usum
1343 2762 1404 2790 pro
1426 2762 1531 2781 verum
1543 2753 1577 2788 f,

288 2803 306 2821 ι]
332 2811 355 2813 -
403 2802 427 2820 ei
447 2801 505 2820 om-
545 2815 550 2820 .

335 2864 367 2896 ς).
393 2854 519 2895 Migne‚
546 2853 754 2893 Patrotogia‚
781 2853 898 2883 Patres
926 2851 1049 2891 Latini,
1076 2858 1098 2882 t.
1127 2859 1179 2889 22,
1204 2850 1271 2889 403
1300 2847 1373 2889 (16)
1401 2848 1481 2889 (Ep.
1509 2848 1577 2882 22).

268 2902 320 2934 32.
348 2900 453 2942 Corp.
480 2900 542 2931 iur.
570 2909 643 2930 can.
670 2909 697 2930 c.
729 2909 779 2938 11,
806 2899 845 2930 C.
877 2908 903 2938 1,
931 2908 965 2939 q.
993 2898 1010 2930 3
1038 2896 1246 2937 (Friedberg
1271 2895 1294 2935 Ι,
1320 2895 1415 2936 417).

1810 265 1853 300 71

1647 1189 1682 1217 ΙΙ.
1703 1189 1809 1217 While

1666 1225 1795 1260 bisllop:

1589 1268 1619 1286 a,
1638 1260 1679 1296 ssy
1698 1259 1866 1294 neglectim:

1617 1295 1666 1321 llic
1688 1295 1788 1321 dutics
1808 1294 1842 1321 of

1644 1330 1690 1357 llis
1712 1330 1814 1357 office:
