2002 3359
228 294 277 339 34

247 418 314 446 The
335 418 465 446 decretal

281 454 365 488 gives
385 454 435 481 the

249 494 415 524 pati-onage
435 494 465 516 to

252 523 301 551 the
322 524 462 551 founder.

231 1692 279 1720 All
302 1697 468 1731 patrouage

228 1728 397 1799 ”15301‘2‘312'
415 1736 470 1790 §.¹¹¹

949 305 1171 337 *IOHANNIS
1197 305 1382 337 wvcrir
1651 292 1755 348 [cm.
1770 303 1822 330 111.

568 412 616 447 Et
639 411 712 447 ista
726 410 882 447 videtur
904 411 1105 448 sentencia
1127 413 1172 448 16
1189 411 1408 459 questione,
1429 424 1470 458 7:
1492 411 1820 457 ‘Monasterium‚'

510 467 651 516 inquit,
699 470 772 505 ‘vel
804 469 1023 505 oratorium
1058 470 1248 506 canonice
1281 478 1553 505 constructum
1586 482 1608 505 a
1641 470 1821 505 dominio

510 526 795 563 constructoris
814 539 859 563 eo
879 526 1000 564 invito
1024 540 1102 563 non
1127 528 1342 572 auferatur,
1367 527 1563 574 liceatque
1578 526 1633 562 illi
1650 536 1820 574 patrono

510 584 729 632 presbitero
762 584 824 620 cui
864 585 1033 621 voluerit
1072 598 1144 633 pro
1188 598 1301 621 sacro
1349 585 1482 621 officio
1515 584 1619 620 illius
1653 584 1819 621 diocesis

510 642 685 690 episcopi
720 655 926 688 consensu,
962 656 1009 680 ne
1034 644 1161 679 malus
1185 643 1337 688 existat,
1372 643 1682 679 commendare.'
1719 644 1852 681 Ecce5

509 702 616 747 quod
660 701 802 736 domus
847 700 1031 749 religiosa
1076 710 1152 738 stat
1186 701 1225 737 in
1258 701 1360 737 iusto
1394 700 1559 737 arbitrio
1599 700 1820 736 fundatoris

509 767 546 794 et
580 759 705 794 multo
751 759 876 806 magis
920 759 960 794 in
1004 759 1107 796 iusto
1152 759 1301 795 iudicio
1341 758 1449 806 regni
1490 768 1527 794 et
1565 757 1685 805 regis;
1731 758 1819 794 ideo

509 816 603 852 dicit
635 818 838 853 decretum
873 817 1053 865 Gregorii
1086 817 1219 853 statim
1255 829 1441 865 sequens:
1488 816 1687 852 ‘Racionis
1721 818 1820 851 ordo

508 888 587 910 non
603 875 765 922 patitur,
783 884 825 911 ut
842 875 1127 912 monasterium
1145 884 1283 912 contra
1298 876 1541 911 voluntatem
1561 875 1816 910 fundatorum

508 934 556 968 ab
591 945 727 968 eorum
762 933 1029 981 disposicione
1063 934 1112 970 ad
1145 933 1354 969 arbitrium
1388 946 1517 975 suum,
1558 932 1645 980 quis
1678 933 1820 968 debeat
1841 950 1878 970 10

507 990 744 1027 vendicare'.
797 991 910 1027 Multi
966 1000 1056 1027 sunt
1114 1004 1286 1028 canones
1344 999 1532 1027 testantes
1582 991 1689 1038 quod
1733 990 1819 1038 qui-

508 1061 664 1097 cunque
725 1048 831 1085 licite
892 1049 1116 1085 fundaverit
1185 1049 1443 1085 elemosinam
1507 1047 1671 1085 ecclesie
1735 1061 1819 1084 cor-

507 1107 699 1154 poralem,
747 1106 905 1143 habebit
950 1107 989 1142 in
1034 1120 1073 1143 se
1119 1116 1157 1143 et
1201 1107 1279 1143 suis
1325 1106 1536 1143 heredibus
1581 1119 1732 1152 curam,
1777 1115 1819 1141 ut

507 1164 689 1201 condicio
721 1164 826 1200 illius
859 1165 1069 1201 racionalis
1103 1166 1365 1212 compleatur.
1400 1166 1491 1201 Ideo
1524 1164 1660 1200 dicunt
1695 1164 1819 1199 multa

507 1223 666 1258 decreta
704 1223 920 1270 sequencia
959 1224 1065 1270 quod
1106 1223 1252 1259 factum
1288 1222 1446 1271 patroni
1478 1223 1538 1259 vel
1571 1222 1726 1258 heredis
1759 1221 1818 1257 sui
1840 1229 1875 1261 15

507 1281 622 1316 debet
685 1280 942 1328 providencia
1006 1280 1182 1329 episcopi
1241 1281 1317 1317 loci
1376 1290 1412 1316 et
1476 1281 1558 1316 eius
1618 1279 1820 1328 sapiencia

506 1338 692 1386 regulari,
726 1340 833 1387 quod
864 1338 895 1374 si
920 1338 1021 1374 desit
1043 1347 1125 1375 tam
1158 1338 1360 1387 sapiencia
1392 1351 1510 1386 quarn
1547 1337 1819 1374 benivolencia

506 1396 778 1444 cuiuscunque
817 1396 999 1445 *episcopi
1045 1397 1327 1443 conversantis,
1371 1410 1451 1433 non
1483 1405 1612 1444 potest
1650 1396 1819 1431 deficere

505 1454 721 1491 auctoritas
754 1455 815 1491 vel
847 1456 1051 1491 decretum
1092 1455 1269 1503 episcopi
1308 1454 1473 1491 ecclesie
1517 1453 1817 1502 triumphantis.

505 1513 553 1548 Et
584 1513 644 1548 lex
676 1512 871 1560 scripture
905 1526 994 1549 cum
1028 1514 1111 1561 lege
1144 1522 1297 1559 nature,
1339 1525 1416 1561 que
1449 1521 1506 1549 est
1538 1513 1597 1549 lex
1629 1511 1818 1548 trinitatis
1834 1528 1876 1550 20

504 1578 541 1606 et
574 1570 746 1607 racionis
779 1571 827 1607 sit
859 1571 973 1607 nobis
1006 1584 1078 1619 pro
1111 1571 1259 1619 regula,
1306 1583 1378 1607 nec
1417 1579 1547 1619 potest
1580 1569 1816 1606 contrariari

504 1627 567 1664 isti
600 1628 801 1665 sentencie
834 1629 893 1665 lex
926 1628 1089 1665 ecclesie
1121 1629 1182 1665 vel
1203 1629 1263 1665 lex
1286 1629 1364 1665 alia
1387 1629 1585 1665 credenda
1607 1627 1815 1664 catholice.

504 1687 600 1722 Item
625 1695 753 1723 totum
777 1699 899 1734 genus
923 1695 1157 1735 patronatus
1180 1687 1240 1723 vel
1271 1686 1331 1723 ius
1363 1700 1477 1723 suum
1512 1687 1584 1723 fuit
1616 1686 1746 1734 primo
1778 1685 1818 1721 in

505 1757 625 1780 manu
658 1745 783 1793 layca,
825 1757 897 1781 nec
930 1745 1002 1781 fuit
1034 1753 1123 1792 post
1156 1758 1178 1781 a
1212 1757 1331 1781 manu
1365 1745 1476 1792 layca
1508 1745 1557 1781 ad
1591 1746 1815 1780 Romanurn

504 1801 739 1850 episcopum
772 1803 832 1839 vel
863 1815 955 1839 suos
987 1802 1190 1839 sathelites
1223 1802 1330 1838 licite
1363 1802 1598 1848 derivatum,
1633 1814 1725 1849 ergo
1749 1803 1873 1839 ad-25

506 1861 582 1896 huc
614 1869 794 1897 remanet
827 1860 867 1896 in
900 1873 1021 1897 manu
1053 1861 1165 1908 layca
1197 1860 1299 1897 sicut
1336 1860 1486 1908 primo;
1534 1859 1663 1896 minor
1707 1868 1816 1907 patet

506 1929 551 1954 ex
595 1919 681 1965 hoc,
728 1919 835 1967 quod
879 1931 951 1955 nec
996 1931 1019 1955 a
1053 1918 1211 1955 Christo
1255 1931 1327 1955 nec
1371 1931 1393 1954 a
1431 1930 1564 1954 cesare
1608 1917 1816 1965 acquisivit

506 1988 611 2024 papa
643 1975 704 2012 ius
735 1977 827 2023 tale,
862 1989 952 2013 curn
985 1976 1035 2013 sit
1066 1976 1244 2013 officium
1277 1977 1439 2024 laycale.
1476 1976 1589 2012 Unde
1623 1984 1815 2023 patronus

506 2033 651 2070 dicitur
682 2047 704 2071 a
735 2043 847 2082 patre
892 2034 1005 2083 quasi
1050 2035 1233 2071 defensor
1265 2043 1302 2070 et
1346 2033 1438 2070 hinc
1482 2034 1627 2070 dicitur
1671 2034 1815 2069 habere

507 2092 631 2129 multa
681 2092 813 2129 officia
856 2102 899 2129 ut
943 2092 1082 2129 recitat
1126 2093 1256 2141 glossa
1307 2104 1425 2140 super
1469 2104 1542 2140 cap
1601 2092 1668 2127 Pie
1711 2103 1814 2127 men-
1831 2097 1873 2129 30

505 2150 552 2185 tis
592 2151 636 2186 16
674 2150 882 2199 questione
917 2163 959 2198 7:
1006 2152 1238 2187 ‘patronum
1277 2150 1426 2188 faciunt
1465 2150 1548 2195 dos,
1594 2148 1813 2192 edificacio,

505 2207 683 2254 fundus‘3
718 2216 755 2244 et
779 2208 870 2245 hinc
903 2209 975 2245 hec
998 2208 1092 2245 tria:
1127 2209 1266 2253 honor,
1301 2220 1414 2255 onus,
1448 2216 1485 2244 et
1517 2207 1680 2243 utilitas.
1715 2207 1814 2242 Illud

572 2383 598 2410 2,
615 2375 639 2403 3.
661 2384 677 2403 a
697 2375 838 2403 dominio
858 2376 1080 2404 constructoris
1099 2384 1183 2405 corr.
1198 2384 1237 2404 ex
1255 2385 1271 2404 a
1292 2376 1420 2404 domino
1440 2381 1652 2404 constructore
1671 2383 1711 2408 a‚·
1730 2384 1745 2402 a
1760 2375 1813 2402 do-

504 2411 588 2439 mino
609 2415 820 2438 constructore
838 2419 871 2448 g.
979 2411 1003 2438 5.
1030 2419 1067 2438 ex
1086 2419 1239 2439 consensu
1260 2411 1399 2446 episcopi
1419 2411 1460 2444 Ιι,·
1485 2412 1515 2439 in
1535 2414 1618 2438 textu
1639 2419 1685 2444 ne,
1712 2411 1753 2437 cil.
1775 2418 1811 2436 m.

503 2450 534 2472 ut
553 2453 592 2478 a;
618 2450 650 2472 ut
665 2452 726 2481 pro
748 2453 783 2472 ne
803 2445 845 2472 di.
959 2454 985 2480 7.
1013 2445 1094 2472 iusto
1114 2446 1214 2481 ceglt‚·
1237 2446 1296 2473 isto
1316 2446 1420 2473 ceteri.
1537 2454 1576 2472 10.
1604 2445 1640 2472 ad
1663 2453 1721 2472 om.
1742 2445 1812 2481 dfg.

504 2488 537 2508 ιι.
565 2481 595 2507 in
616 2483 701 2507 textu
720 2487 865 2513 canoneS,
892 2480 933 2507 al.
955 2489 992 2507 m.
1014 2481 1088 2507 tales
1115 2481 1195 2516 leges
1222 2485 1328 2507 nature
1347 2488 1387 2513 α;
1413 2484 1519 2507 nature
1546 2488 1603 2507 om.
1625 2480 1712 2516 ‘'stis’'
1737 2480 1813 2506 tales

502 2516 583 2550 leges
603 2516 645 2542 al.
665 2523 702 2541 m.
723 2514 752 2541 d.
832 2522 870 2542 12.
891 2515 1050 2542 ecclesiam
1071 2515 1196 2543 ecclesie
1215 2523 1278 2551 ag,·
1306 2514 1431 2542 ecclesie
1451 2515 1492 2541 al.
1513 2523 1549 2541 m.
1572 2515 1600 2542 Ιι.
1676 2514 1712 2542 13.
1734 2518 1762 2541 et
1782 2513 1811 2540 in

504 2551 568 2577 suis
587 2549 651 2585 αῖς,-
666 2556 728 2584 pro
748 2548 845 2576 illius:
867 2549 932 2576 eius
951 2551 1066 2580 celeri:
1086 2549 1282 2577 racionabilis
1302 2549 1406 2576 ceteri.
1467 2549 1508 2576 16.
1530 2549 1619 2576 debet
1638 2549 1684 2583 cll,
1705 2549 1813 2576 debeat

503 2585 606 2611 ceteri.
663 2592 702 2619 17.
725 2585 845 2619 regulas
864 2584 965 2620 bcefg.
1021 2583 1064 2611 23.
1085 2589 1113 2611 et
1133 2584 1180 2612 ius
1200 2584 1304 2611 celeri.
1360 2591 1406 2618 24.
1429 2591 1483 2610 nec
1521 2600 1528 2601 ..
1556 2584 1640 2619 layca
1659 2584 1700 2611 al.
1722 2592 1760 2610 m.
1781 2591 1810 2610 a.

503 2618 544 2646 25.
564 2626 628 2657 pro
654 2618 758 2653 episco
785 2627 853 2646 um:
884 2618 1059 2654 pontificem
1087 2619 1202 2651 ceteri,·
1230 2619 1267 2645 ih.
1290 2625 1352 2654 pro
1379 2618 1568 2645 derivatum:
1600 2618 1748 2646 donatum
1777 2627 1811 2653 g,

504 2653 658 2680 dev¹atum
679 2653 698 2680 i.
774 2661 793 2680 1.
815 2653 975 2689 questione
995 2653 1039 2684 be,
1058 2660 1141 2681 corr.
1158 2661 1196 2680 ex
1216 2653 1286 2680 dist.
1308 2661 1332 2682 c.
1355 2661 1383 2687 17
1404 2658 1501 2687 quest.
1524 2661 1539 2688 7
1560 2653 1589 2686 li,
1610 2653 1812 2680 distinccione

502 2688 605 2727 ceterzj.
677 2686 721 2714 32.
741 2687 773 2715 in
793 2690 876 2715 textu
897 2687 977 2720 hinc,
997 2688 1038 2714 al.
1058 2695 1096 2715 m.
1117 2687 1188 2715 inde
1208 2687 1239 2721 h,
1260 2687 1330 2714 hinc
1349 2688 1462 2720 ceter&
1480 2687 1518 2715 ib.
1534 2695 1596 2722 pro
1617 2687 1708 2715 illud:
1730 2687 1811 2714 idem

502 2725 605 2749 ceteri.

576 2839 602 2859 1.
629 2829 734 2870 Corp.
761 2829 823 2861 iur.
848 2829 872 2868 I,
898 2828 964 2871 809
991 2831 1034 2867 (c.
1062 2828 1114 2868 33,
1142 2828 1179 2859 C.
1204 2826 1253 2867 16,
1280 2837 1339 2869 qu,
1366 2828 1412 2869 7).
1529 2826 1562 2859 8.
1589 2827 1674 2859 lbid.
1700 2837 1728 2859 c.
1757 2828 1810 2868 34.

508 2874 556 2906 15.
590 2874 674 2906 lbid.
706 2885 734 2906 c.
762 2874 891 2916 35-41
923 2875 962 2916 (Ι,
987 2873 1198 2915 810—811).
1326 2875 1378 2907 31.
1414 2873 1499 2905 Ibid.
1526 2883 1554 2905 c.
1582 2873 1624 2906 26
1651 2873 1689 2915 (Ι,
1715 2872 1808 2916 807),

503 2920 626 2951 Glossa
653 2920 686 2951 in
714 2921 768 2952 ed.
795 2921 898 2963 Corp.
925 2921 988 2952 iur.
1013 2930 1043 2952 a.
1068 2919 1163 2959 1506,
1190 2919 1212 2951 f.
1240 2919 1333 2960 243¹&
