2002 3359
227 480 292 507 'lhe
314 481 404 507 {inest

190 515 299 541 should
323 516 437 550 always

178 551 211 576 be
232 550 345 576 chosen
368 550 449 576 since

204 585 250 611 his
272 586 375 611 titiicss
396 585 420 611 is

185 620 279 653 prool'
295 620 357 646 that
379 619 447 645 (lod

195 656 249 680 has
270 654 436 688 appointed

276 689 349 715 him.

185 1876 305 1903 l³i1ncss
329 1876 376 1902 sor
397 1876 445 1902 the

184 1912 327 1937 occasion
351 1911 375 1938 is
398 1911 446 1937 the

219 1946 304 1979 thing
325 1951 354 1972 to
377 1946 410 1972 be

238 1980 395 2014 regarded.

901 307 1124 338 ,IOHANNIS
1150 307 1334 337 WYCLJF
1599 292 1702 350 [CAP.
1723 304 1775 331 iv.

464 423 621 462 oportet
667 414 773 461 quod
820 414 966 449 electus
1012 413 1252 448 extrinsecus
1299 412 1348 447 sit
1400 413 1569 448 maxime
1620 413 1773 449 habilis.

467 475 565 508 Nam
600 472 678 507 six-c
711 470 961 516 intrinsecus,
1009 471 1088 507 sive
1122 470 1375 515 extrinsecus,
1422 470 1591 506 maxime
1636 471 1777 507 habilis

465 531 580 566 debet
618 529 721 576 eligi,
768 528 862 576 quia
900 529 1011 564 illum
1051 529 1147 564 deus
1181 528 1306 576 magis
1341 527 1522 563 habilitat
1555 537 1591 564 et
1623 529 1776 564 nullum

465 588 585 623 alium
621 586 802 622 habilitat
829 600 902 634 pro
934 596 1028 622 tunc
1059 587 1107 622 ad
1141 586 1236 621 illud
1270 585 1466 626 officium:
1502 595 1651 633 quanta
1684 599 1777 633 ergo

466 646 564 681 foret
593 644 847 693 presumpcio
871 657 914 681 ex
937 644 1175 692 accepcione
1198 656 1365 692 persone
1389 645 1436 680 de
1459 643 1611 692 gremio
1635 643 1777 691 eligere
1795 650 1811 682 5

466 716 674 750 personam
709 716 781 751 pro
816 716 1001 739 mensura
1033 702 1238 750 temporis,
1272 715 1344 750 pro
1373 715 1451 749 qua
1484 711 1540 738 est
1572 701 1775 737 inhabilis!

465 764 511 797 Et
535 761 565 796 si
597 761 822 809 replicetur,
858 762 965 809 quod
998 761 1104 797 iuxta
1138 761 1239 797 hanc
1273 760 1517 796 sentenciam
1551 761 1778 796 tardaretur

465 819 611 855 eleccio
657 821 707 856 ad
752 819 1069 855 destruccionem
1117 818 1293 865 ecclesie,
1342 818 1487 854 dicitur
1531 818 1637 866 quod
1682 831 1774 861 non,

463 878 529 913 sed
555 879 653 914 bene
677 877 928 913 concluditur
951 878 1057 925 quod
1082 885 1332 913 cassarentur
1355 875 1573 912 elecciones
1603 876 1776 911 humane

463 937 642 982 subdole,
692 948 780 971 cum
827 948 945 971 nemo
993 935 1167 983 eligeret,
1213 934 1287 971 nisi
1328 935 1490 970 haberet
1529 935 1577 970 ad
1612 935 1685 970 hoc
1720 934 1835 971 i11-10

464 994 728 1041 spiracionem
774 993 850 1040 dei,
897 993 1140 1030 certificatus
1184 993 1291 1041 quod
1331 993 1426 1028 deus
1466 993 1635 1028 eundem
1669 991 1776 1039 eligit

465 1061 501 1088 et
527 1060 656 1088 movet
689 1053 902 1088 electorem
936 1053 1044 1099 quod
1078 1051 1208 1099 ipsum
1233 1051 1364 1098 eligat.
1400 1051 1515 1095 Quod
1539 1049 1569 1085 si
1593 1050 1775 1091 defuerit,

465 1111 713 1146 consulerem
759 1111 866 1158 quod
916 1111 1062 1146 elector
1106 1110 1362 1157 supersedeat
1407 1120 1607 1156 occupans
1652 1121 1691 1143 se
1737 1107 1777 1143 in

465 1177 573 1204 certo
608 1168 826 1214 meritorio,
860 1167 1063 1204 dimittens
1097 1167 1365 1215 periculosum
1390 1166 1636 1213 ambiguum,
1671 1167 1777 1213 quod

464 1226 494 1262 si
528 1226 576 1262 sit
609 1226 876 1262 necessarium
910 1227 959 1262 ad
993 1225 1170 1273 regimen
1204 1224 1379 1269 ecclesie,
1414 1223 1514 1260 sicut
1538 1233 1629 1259 sunt
1652 1236 1777 1271 pauce
1800 1228 1834 1260 15

465 1285 522 1320 vel
545 1285 651 1320 nulle
674 1284 886 1333 dignitates
909 1283 1087 1320 institute
1111 1282 1354 1327 humanitus,
1384 1283 1540 1330 pulsent
1564 1283 1681 1318 deum
1706 1295 1777 1329 pro

465 1342 743 1390 inspiracione,
789 1343 849 1379 vel
894 1341 1100 1378 certificati
1134 1342 1182 1377 de
1228 1340 1361 1376 multis
1406 1339 1584 1387 personis
1618 1339 1777 1375 mittant

464 1410 611 1437 sortem
646 1402 693 1437 de
726 1413 896 1449 persona
928 1400 982 1436 eis
1016 1399 1204 1447 ambigua
1243 1399 1343 1435 sicut
1382 1398 1560 1434 fecerunt
1594 1397 1776 1445 apostoli.

465 1461 511 1495 Et
552 1468 659 1506 patet
700 1459 806 1506 quod
851 1471 1062 1507 peccamus
1108 1457 1308 1502 continue,
1355 1456 1449 1504 quia
1493 1456 1687 1503 quamdiu
1721 1455 1778 1491 di-

466 1517 661 1552 mittimus
693 1517 806 1553 nobis
838 1516 987 1552 utilius.
1022 1517 1113 1552 Ideo
1147 1515 1241 1551 dicit
1275 1516 1412 1550 beatus
1438 1515 1637 1550 „lohannes
1670 1514 1778 1561 quod
1796 1529 1836 1550 20

465 1575 495 1611 si
542 1575 757 1611 dixerimus
803 1576 910 1623 quod
956 1583 1118 1622 peccata
1166 1586 1246 1609 non
1298 1573 1502 1617 habemus,
1556 1585 1627 1608 nos
1672 1572 1778 1619 ipsos

465 1634 705 1680 seducimus,
752 1642 787 1669 et
820 1633 963 1671 veritas
996 1632 1035 1668 in
1067 1631 1180 1668 nobis
1213 1644 1293 1667 non
1326 1639 1395 1666 est.
1443 1631 1519 1666 Sed
1553 1629 1680 1677 gravis
1722 1639 1779 1666 est

466 1692 582 1739 culpa
621 1693 810 1739 adoptata
848 1691 888 1726 in
921 1690 1022 1726 cecis
1068 1689 1333 1726 eleccionibus
1371 1697 1502 1737 preter
1534 1687 1777 1724 necessariis.

467 1752 592 1785 Nemo
632 1749 735 1786 enim
776 1751 891 1785 debet
931 1748 1074 1796 eligere
1120 1747 1249 1783 minus
1288 1746 1460 1783 habilem
1506 1746 1555 1781 ad
1601 1745 1777 1781 officium

466 1820 538 1855 pro
590 1816 770 1855 tempore
815 1820 886 1855 pro
931 1819 1010 1854 quo
1063 1815 1119 1842 est
1175 1805 1303 1840 minus
1349 1803 1504 1849 habilis,
1558 1803 1652 1851 quia
1704 1804 1777 1839 hoc
1797 1807 1835 1839 25

467 1866 566 1902 foret
629 1865 771 1913 eligere
833 1865 1062 1901 inhabilem.
1127 1865 1173 1899 Et
1231 1871 1340 1910 patet
1397 1862 1503 1910 quod
1563 1861 1670 1897 aliud
1723 1870 1779 1897 est

468 1923 669 1960 hominem
715 1924 843 1960 facere
887 1922 961 1958 sibi
1005 1921 1203 1970 optimum
1248 1933 1320 1968 pro
1363 1929 1458 1956 tunc
1503 1928 1540 1955 et
1584 1919 1690 1955 aliud
1723 1928 1780 1955 est

467 1983 596 2018 facere
630 1981 702 2018 sibi
735 1981 932 2029 optimum
965 1979 1210 2027 simpliciter.
1241 1980 1528 2014 Verumtamen
1561 1978 1780 2013 conceden-

468 2041 562 2076 dum
597 2048 666 2085 est,
711 2039 1041 2088 predestinatum,
1075 2037 1177 2074 sicut
1209 2036 1339 2073 omnis
1373 2037 1493 2072 homo
1532 2036 1648 2071 debet
1681 2047 1777 2080 esse,

468 2097 654 2134 continue
678 2098 807 2134 facere
830 2110 942 2133 suam
966 2095 1269 2141 beatitudinem,
1301 2104 1337 2131 et
1359 2094 1414 2131 sic
1438 2093 1506 2142 qui
1529 2094 1578 2130 ad
1600 2092 1777 2129 officium
1796 2096 1837 2128 30

469 2155 779 2192 ecclesiasticum
814 2155 1019 2203 postponit
1050 2166 1262 2203 personam
1297 2153 1427 2189 minus
1451 2151 1622 2188 habilem
1646 2160 1683 2187 et
1706 2163 1778 2198 pro

469 2222 562 2250 tunc
586 2213 802 2250 inhabilem
831 2213 925 2250 facit
957 2211 1030 2248 sibi
1063 2213 1212 2248 bonum
1246 2209 1541 2247 exoneracionis
1565 2217 1602 2245 et
1624 2208 1778 2245 iusticie

469 2271 821 2319 complementum.
857 2273 938 2307 Nec
969 2278 1061 2307 sunt
1093 2270 1190 2306 tales
1223 2270 1368 2317 gradus
1391 2268 1431 2304 in
1454 2268 1552 2304 bene
1576 2274 1613 2303 et
1637 2265 1778 2302 melius

469 2328 613 2376 eligere
636 2328 740 2366 idem
765 2328 805 2365 in
827 2341 996 2365 numero
1018 2341 1090 2376 pro
1114 2328 1253 2364 eodem
1278 2325 1454 2372 instanti,
1479 2334 1515 2361 et
1538 2332 1646 2373 patet
1670 2325 1777 2372 quod

539 2519 558 2539 ι.
587 2511 775 2538 extrinsecus
802 2510 881 2546 hcfh,
908 2517 991 2536 corr.
1013 2508 1043 2535 in
1071 2508 1192 2535 inti-ins.
1213 2515 1242 2541 α,
1270 2506 1391 2534 intrins.
1413 2506 1515 2534 ceteri.
1622 2504 1646 2532 3.
1674 2505 1776 2541 ipsum

469 2547 571 2574 ceteri.
680 2554 706 2580 7.
734 2546 823 2572 istam
845 2549 922 2572 sent.
943 2543 1045 2573 ceteri,
1065 2543 1235 2569 traderetur
1255 2542 1358 2569 celeri.
1461 2549 1488 2576 9.
1517 2545 1710 2567 cessarentur
1731 2542 1776 2573 elz,

471 2583 602 2608 humane
622 2581 663 2607 al.
685 2589 722 2607 m.
743 2581 771 2607 h.
846 2587 884 2607 12.
906 2579 1067 2606 electorem
1080 2577 1132 2613 fh,
1153 2577 1336 2603 eleccionem
1356 2585 1387 2612 g,
1408 2584 1491 2603 corr.
1512 2576 1542 2603 in
1564 2576 1726 2602 electorem
1747 2583 1776 2605 α,

470 2616 648 2643 elecciorem
676 2615 788 2648 celeri;
816 2618 848 2642 ut
876 2614 979 2649 ipsum
1009 2612 1122 2644 ceteri,·
1152 2610 1281 2638 defuerit
1306 2611 1368 2643 celz,
1401 2618 1484 2638 corr.
1514 2618 1552 2637 ex
1583 2610 1722 2636 deficeret
1748 2610 1776 2642 d,

470 2651 609 2677 deiiceret
629 2650 732 2677 ceteri.
824 2648 862 2683 13,
884 2657 924 2682 14.
947 2648 976 2674 in
997 2651 1076 2674 certe
1096 2648 1125 2672 Ιι.
1226 2654 1266 2679 ¹4-
1288 2645 1443 2672 meritorie
1463 2645 1516 2679 gh,
1536 2653 1615 2672 corr.
1637 2645 1666 2672 in
1688 2644 1777 2671 meri-

471 2685 549 2712 torio
570 2693 609 2717 α,·
628 2685 666 2711 ib.
689 2685 780 2720 peric.
803 2685 846 2711 vel
869 2683 952 2710 amb.
980 2681 1038 2712 bei,
1066 2681 1110 2707 vel
1140 2682 1182 2708 (tl.
1204 2689 1240 2707 m.
1271 2688 1300 2707 a.
1419 2679 1454 2707 15.
1486 2684 1557 2706 sunt
1585 2687 1643 2706 om.
1673 2678 1776 2706 ceteri.

470 2727 515 2746 20.
537 2720 608 2746 Ideo
628 2719 692 2751 ceh,
711 2724 739 2746 et
758 2719 828 2746 ideo
849 2717 962 2749 celem}
981 2716 1054 2744 dicit
1074 2724 1131 2743 om.
1153 2716 1182 2749 i‚·
1201 2715 1282 2750 quod
1304 2723 1362 2741 om.
1383 2714 1486 2741 ceteri.
1576 2722 1615 2741 21.
1643 2713 1776 2741 dicimus

471 2755 584 2785 ceter-13·
603 2755 639 2781 ib.
663 2758 820 2789 peccatum
842 2753 944 2780 ceteri.
1034 2750 1077 2778 23.
1098 2750 1188 2786 culpa
1209 2750 1244 2777 ad
1268 2750 1341 2777 min.
1364 2749 1434 2777 hab.
1455 2753 1554 2788 apost.
1578 2748 1597 2779 i,
1617 2756 1635 2775 α
1655 2748 1697 2775 al.
1718 2756 1778 2780 m.‚·

470 2789 507 2816 ib.
530 2789 672 2824 adaptata
693 2789 796 2816 ceteri.
895 2794 942 2822 29.
964 2795 1030 2814 esse
1049 2785 1089 2812 al.
1111 2793 1148 2812 m.
1170 2785 1199 2812 Ιι.
1299 2783 1345 2812 30.
1366 2788 1447 2811 cont.
1469 2785 1526 2811 tac.
1548 2792 1571 2810 s.
1594 2784 1670 2810 beat.
1691 2782 1776 2815 cdelz,

471 2823 527 2851 sac.
549 2824 623 2850 alias
644 2824 720 2850 serre
741 2823 765 2855 b,
785 2831 842 2850 om.
865 2822 968 2850 celeri.
1048 2819 1090 2848 32.
1118 2818 1376 2847 exhonoracionis
1395 2819 1423 2845 Ιι.
1501 2817 1548 2851 34.
1575 2817 1656 2845 idem
1678 2825 1735 2844 om.
1756 2817 1775 2844 i.

542 2941 595 2962 20.
623 2931 632 2962 1
659 2930 735 2962 Joh.
759 2941 785 2970 1,
810 2930 842 2961 8.
