2002 3359
163 333 206 367 14

181 443 344 470 blindness
364 443 399 470 ot‘

233 479 341 505 rulers,

197 1162 238 1190 So
265 1161 384 1189 histical

195 1199 230 1224 de
247 1205 336 1223 euces
357 1196 391 1223 of

225 1232 357 1266 simony.

184 1266 349 1294 Definition
372 1265 405 1292 of

168 1302 291 1337 simouy
313 1301 341 1327 in
365 1301 414 1327 the

214 1336 373 1363 decretals.

885 328 1107 359 ,IOHANNIS
1133 327 1318 358 WYCLIF
1595 312 1698 371 [CAP.
1718 323 1755 350 ῃ.

443 444 499 470 est
554 434 698 470 caritas
751 434 857 469 iuxta
908 433 1166 481 propheciam
1214 433 1359 469 Christi
1404 434 1542 469 Matth.
1591 443 1654 478 24.
1710 435 1755 468 Et

442 505 522 528 non
566 494 748 528 obstante
793 493 900 539 quod
945 501 1025 527 tam
1079 493 1218 527 crebro
1263 503 1307 526 ex
1352 490 1426 526 fide
1471 491 1666 539 scripture
1700 490 1756 525 di-

442 550 543 586 citur
576 550 748 586 dominis
781 550 1068 597 temporalibus
1103 549 1330 584 huiusmodi
1365 548 1587 596 periculum
1613 558 1648 584 et
1671 558 1756 584 tan-

441 608 547 655 gitur
580 608 633 643 eis
669 607 843 643 medium
884 607 1011 648 facile,
1053 608 1223 653 salubre,
1267 615 1302 642 et
1336 619 1586 654 prosperum,
1621 615 1756 642 tamen

441 667 536 701 deus
577 665 691 700 huius
730 665 851 701 seculi
889 666 944 701 sic
985 665 1133 701 cecavit
1175 677 1240 701 eos
1273 664 1312 700 in
1346 677 1465 700 causa
1499 664 1561 701 dei
1594 665 1756 711 pulvere

440 723 723 770 temporalium
749 732 784 759 et
808 723 1023 759 affeccione
1057 724 1106 759 ad
1139 724 1293 759 lucrum
1328 722 1549 769 proprium,
1575 723 1681 769 quod
1716 721 1755 756 in

441 794 559 817 causa
593 781 654 817 dei
687 781 965 817 vecordialiter
997 790 1086 817 sunt
1118 781 1242 828 ligati,
1277 782 1342 816 sed
1377 780 1415 815 in
1457 793 1576 816 causa
1609 779 1756 815 diaboli

441 840 488 875 ad
533 840 813 874 debellandum
859 839 1107 875 Christianos
1160 838 1294 886 gracia
1346 847 1507 886 questus
1553 847 1589 874 et
1634 838 1756 874 fastus

441 906 603 933 currunt
619 897 843 944 precipites.
871 897 1061 945 Symonia
1084 897 1219 944 itaque
1244 905 1299 932 est
1315 909 1447 942 causa,
1473 908 1595 944 quare
1613 908 1756 942 magna

441 968 531 1002 pars
563 964 701 992 vocate
734 955 897 991 ecclesie
930 955 1149 991 frustratim
1184 955 1284 991 iacet
1318 963 1512 992 emortua.

998 1069 1120 1108 CAP.
1156 1069 1202 1109 ΙΙ.

502 1154 578 1189 Sed
611 1162 653 1189 ut
686 1152 806 1200 pestis
831 1152 1011 1199 predicta
1034 1151 1082 1187 sit
1105 1151 1257 1198 nocior,
1282 1151 1453 1188 obicitur
1477 1160 1615 1187 contra
1639 1150 1758 1189 dicta.

444 1211 610 1247 Videtur
639 1210 758 1257 enim,
793 1211 900 1258 quod
924 1210 1145 1257 descripcio
1169 1210 1361 1258 symonie,
1393 1222 1513 1257 quam
1538 1210 1633 1245 dant
1656 1209 1760 1256 leges

447 1269 624 1315 ecclesie,
649 1268 697 1304 sit
720 1268 897 1304 studiosa
918 1269 1101 1304 voluntas
1125 1268 1281 1304 emendi
1304 1267 1573 1303 velvendendi
1597 1266 1759 1314 aliquod

450 1327 655 1374 spirituale
689 1327 748 1363 vel
780 1326 976 1374 spirituali
1010 1339 1220 1364 annexum.
1266 1327 1382 1371 Quod
1422 1326 1610 1361 fundatur
1642 1337 1761 1372 super

454 1386 560 1421 dicto
593 1397 695 1432 pape
736 1398 766 1431 1,
801 1384 1007 1432 questione
1048 1398 1057 1420 1
1090 1384 1166 1429 Qui
1199 1385 1343 1431 studet,
1377 1384 1443 1419 ubi
1476 1383 1531 1419 sic
1563 1382 1759 1431 loquitur:

444 1443 535 1489 ‘Qui
576 1444 705 1479 studet
739 1443 888 1478 donum
923 1443 984 1478 dei
1018 1442 1153 1490 precio
1194 1441 1361 1478 mercari
1395 1441 1435 1477 in
1468 1454 1580 1477 sacro
1620 1440 1760 1476 ordine

443 1502 551 1537 nulla
594 1500 754 1537 racione
787 1501 834 1536 de
868 1509 999 1537 cetero
1037 1512 1272 1548 permanere
1312 1508 1379 1536 aut
1419 1499 1595 1536 revocari
1629 1511 1757 1546 posse,

445 1559 608 1594 dubium
643 1572 722 1595 non
756 1559 839 1595 est.'
894 1561 940 1594 Et
975 1558 1068 1606 quia
1099 1561 1232 1605 'posset
1273 1557 1573 1606 sophisticando
1614 1556 1759 1603 dicere,

445 1618 551 1664 quod
604 1630 683 1653 non
736 1616 830 1652 emit
891 1617 1096 1664 spirituale
1156 1617 1222 1652 sed
1282 1616 1502 1663 temporale
1560 1610 1757 1662 spirituali

445 1688 655 1721 annexum,
709 1674 799 1710 ideo
844 1676 893 1711 ad
938 1675 1222 1711 removendum
1270 1675 1373 1710 hunc
1418 1674 1551 1709 fucum
1598 1672 1760 1709 additur

444 1733 586 1769 ultima
629 1732 827 1780 particula
872 1734 945 1769 ‘vel
989 1732 1185 1780 spirituali
1230 1732 1439 1768 annexum’
1481 1731 1587 1767 iuxta
1631 1731 1756 1778 legem

444 1804 547 1838 pape
578 1804 587 1826 1
619 1790 825 1838 questione
852 1790 869 1826 3
908 1790 948 1826 Si
981 1790 1068 1838 quis
1101 1789 1306 1826 obiecerit.
1342 1792 1395 1825 Ex
1428 1789 1570 1837 quibus
1603 1788 1759 1824 videtur

446 1848 700 1896 presumpcio
753 1857 936 1895 suspecta
990 1848 1303 1895 descripcionem
1358 1856 1438 1883 tam
1493 1848 1756 1894 approbatam

446 1916 699 1954 postponere,
734 1919 822 1942 cum
848 1915 1007 1942 sanctus
1029 1907 1207 1942 Thomas
1232 1909 1274 1941 2ἐι
1305 1909 1346 1940 20
1375 1905 1581 1953 questione
1609 1905 1625 1940 5
1663 1913 1699 1940 et
1734 1904 1755 1939 S

448 1965 575 2012 ipsam
622 1965 818 2012 approbat
853 1973 889 2000 et
923 1965 1118 2005 decla1·at;
1173 1963 1262 1999 hinc
1302 1963 1446 1999 dicitur
1486 1963 1590 2010 quod
1625 1974 1761 1998 sensus

447 2022 732 2070 descripcionis
756 2022 933 2070 predicte
957 2032 1013 2058 est
1048 2021 1243 2058 catholice
1268 2021 1563 2057 deffendendus.
1600 2022 1647 2055 Et
1671 2033 1759 2056 cum

448 2082 522 2116 hoc
555 2080 645 2116 licet
678 2093 750 2127 pro
785 2080 926 2116 maiori
960 2079 1235 2116 declaracione
1268 2078 1411 2115 variari
1451 2078 1489 2114 in
1523 2079 1636 2126 loyca
1669 2078 1762 2125 quia

447 2138 502 2174 sic
516 2138 693 2174 variatur
708 2138 747 2173 in
762 2138 892 2185 logica
914 2138 1122 2185 scripture,
1147 2150 1218 2173 nec
1234 2137 1311 2173 vidi
1330 2137 1430 2173 hanc
1446 2135 1760 2183 descripcionem

448 2196 489 2232 in
533 2197 617 2243 lege
664 2196 827 2232 ecclesie
870 2196 930 2232 vel
974 2209 995 2232 a
1039 2204 1176 2232 sancto
1213 2196 1376 2231 doctore
1422 2206 1642 2242 expressam
1688 2192 1794 2228 nisi?

448 2254 612 2290 forsitan
652 2253 866 2291 recitative.
912 2256 995 2290 Hec
1028 2263 1159 2290 autem
1200 2262 1284 2289 tota
1323 2252 1542 2300 descripcio
1575 2260 1689 2287 sonat
1723 2250 1762 2286 in

448 2313 611 2358 bonum,
646 2324 734 2348 cum
771 2311 962 2359 competit
994 2311 1217 2348 vendicioni
1242 2319 1278 2347 et
1311 2310 1509 2358 empcioni
1544 2309 1653 2356 regni
1686 2308 1761 2349 dei,

448 2369 539 2405 licet
572 2370 682 2417 glosa
714 2369 918 2406 ordinaria
953 2369 1098 2406 decreti
1133 2369 1314 2405 videatur
1347 2369 1477 2404 dicere
1517 2366 1761 2403 contrarium

520 2477 539 2496 1.
561 2477 619 2503 que
639 2477 697 2495 om.
719 2468 815 2500 abech-
833 2469 871 2495 ih.
893 2473 937 2495 est
957 2469 1080 2504 omsh.
1163 2468 1190 2495 6.
1212 2468 1383 2495 attencione
1410 2466 1520 2502 bccjj'g,·
1546 2466 1576 2493 in
1602 2468 1685 2492 [cartu
1711 2469 1763 2492 ³11.

449 2504 491 2530 al.
518 2512 556 2530 m.
578 2504 626 2530 all.
647 2511 677 2530 a.
785 2511 811 2538 7.
834 2503 1002 2530 recor-:liter
1021 2503 1066 2530 ch.
1139 2502 1165 2530 8.
1189 2502 1386 2529 debellandos
1414 2502 1434 2528 i.
1509 2508 1546 2527 ι2.
1569 2506 1674 2527 conti-21
1698 2508 1764 2534 pre-

450 2539 529 2565 dicta
558 2538 577 2564 i.
663 2546 704 2570 14.
726 2537 850 2572 aliquod
872 2545 930 2564 om.
952 2538 1028 2574 (ταῖς.
1112 2537 1147 2564 15.
1169 2537 1338 2572 temporale
1360 2536 1510 2571 spirituali
1532 2535 1551 2562 i.
1637 2539 1678 2562 ιο.
1702 2535 1762 2567 Qui

451 2577 486 2599 st.
501 2573 519 2599 Ιι
533 2573 629 2599 solum
649 2572 777 2599 exhibet.
834 2570 877 2599 23.
893 2580 970 2607 pape
990 2572 1095 2599 eadem
1117 2579 1209 2598 causa
1229 2571 1340 2602 celeri,·
1359 2574 1374 2596 3
1395 2579 1445 2604 qu.
1467 2569 1482 2597 3
1501 2571 1553 2601 ιη’,-
1574 2578 1594 2601 1,
1616 2578 1666 2604 qu.
1683 2568 1697 2596 3
1712 2569 1766 2597 el1:

451 2615 500 2668 qlu.
523 2615 530 2633 ι
553 2607 664 2637 ceteri:
682 2607 720 2634 ib.
741 2607 887 2634 obiecerit
906 2607 979 2639 belm
997 2607 1090 2633 obicit
1109 2606 1156 2641 af,
1177 2605 1287 2633 obiecit
1302 2613 1326 2632 c.
1383 2605 1428 2632 26.
1445 2605 1526 2631 illam
1539 2612 1599 2639 pro
1613 2605 1713 2639 ipsam
1729 2604 1766 2633 Ιι,’

450 2642 488 2668 ii.
512 2641 559 2667 hic
578 2642 607 2673 i‚·
627 2642 664 2668 ih.
685 2641 767 2676 quod
789 2650 846 2668 om.
867 2641 887 2668 i.
979 2640 1020 2667 32.
1042 2645 1069 2668 et
1088 2642 1129 2668 al.
1151 2649 1188 2667 m.
1210 2640 1239 2672 d,
1260 2649 1318 2667 om.
1340 2640 1443 2667 celeri.
1543 2638 1586 2666 33.
1608 2638 1764 2666 ordinaria

451 2676 561 2703 decreti
583 2683 639 2702 om.
655 2676 759 2706 celeri.
781 2677 822 2703 al.
843 2684 881 2702 m.
902 2675 940 2705 d:
960 2676 996 2702 ih.
1013 2675 1133 2702 videtur
1153 2675 1266 2707 πίω-ιζ·
1284 2675 1423 2702 videatur
1441 2674 1482 2701 al.
1497 2682 1534 2700 m.
1556 2674 1593 2703 d,-
1613 2673 1650 2700 ib.
1667 2678 1764 2700 contr.

452 2718 544 2745 super
574 2711 623 2737 illo
644 2719 710 2745 cap.
733 2711 843 2737 Ordiu.
876 2711 1035 2745 questione
1058 2719 1064 2737 1
1088 2710 1116 2737 iu
1138 2718 1229 2737 causa
1252 2718 1259 2736 1
1282 2709 1340 2738 alvi.
1374 2709 1476 2736 eodem
1503 2709 1605 2740 modo,
1632 2708 1687 2735 sed
1706 2716 1764 2734 om.

452 2746 503 2772 illo
524 2745 582 2780 cqf,
603 2753 660 2772 mn.
683 2753 748 2779 cap.
770 2745 799 2779 d,
820 2754 879 2772 om.
900 2753 968 2780 cap.
991 2745 1067 2772 Ord.
1089 2753 1122 2781 g.

527 2816 553 2837 1.
573 2805 690 2836 Matth.
712 2815 764 2846 24,
790 2815 838 2837 12.
918 2805 966 2837 113.
987 2806 1091 2847 Corp.
1110 2806 1171 2836 iur.
1190 2815 1263 2836 cau.
1282 2805 1304 2843 I,
1334 2803 1398 2837 360
1417 2804 1461 2845 (c.
1484 2814 1533 2843 11,
1553 2804 1591 2835 C.
1615 2814 1641 2843 1,
1661 2813 1694 2844 q.
1719 2806 1761 2838 1).

454 2853 507 2885 23.
526 2851 607 2882 ibid.
634 2861 662 2882 c.
684 2862 714 2893 7,
735 2852 772 2884 C.
797 2862 822 2891 1,
842 2862 876 2893 q.
896 2853 926 2884 3.
1024 2852 1076 2884 25.
1096 2852 1129 2883 S.
1148 2851 1302 2882 Thomas
1322 2851 1489 2892 AquinaS‚
1508 2851 1663 2889 Summa,
1683 2849 1762 2879 edit.

453 2898 650 2928 Parmensis
674 2897 768 2937 1853,
794 2905 817 2929 t.
845 2899 898 2937 111,
926 2908 1002 2940 pag.
1031 2897 1071 2929 25
1099 2904 1132 2928 et
1159 2899 1212 2937 30,
1239 2898 1295 2927 ubi
1323 2907 1406 2928 vero
1433 2897 1475 2927 de
1501 2897 1576 2927 aliis
1601 2901 1764 2927 tractatur

453 2944 566 2975 rebus.
594 2944 644 2975 De
670 2945 817 2975 simonia
843 2951 958 2975 autem
987 2945 1098 2985 agitur
1123 2943 1167 2975 ib.
1196 2944 1400 2985 quaestione
1431 2953 1507 2982 100,
1533 2952 1610 2984 pag.
1640 2940 1716 2974 362.

1780 980 1816 1000 10

1781 1330 1816 1361 15

1780 1909 1817 1939 25
