2002 3359
274 252 362 280 CAP.
385 242 480 299 vni]
842 256 899 287 DE
928 256 1127 288 slMONIA.
1811 262 1876 288 ΙΟΙ

275 361 421 397 Christi
468 362 774 407 humanitatem,
818 371 854 398 et
896 362 1110 410 requiritur
1143 362 1268 399 tercio
1309 364 1416 411 quod
1451 364 1596 399 habeat

273 419 464 456 noticiam
489 422 828 468 corespondenter
860 421 909 456 ad
943 420 1117 456 veritatis
1151 420 1414 466 divinitatem,
1449 431 1593 469 quarto

275 477 401 514 eciam
426 478 643 526 requiritur
662 479 770 526 quod
796 479 940 514 habeat
960 491 1101 526 puram
1123 478 1439 515 benivolenciam
1466 492 1596 515 cores-

276 537 499 583 pondenter
522 537 570 572 ad
604 535 786 584 spiritum
813 545 997 572 sanctum
1034 545 1069 572 et
1103 546 1196 572 tunc
1230 536 1338 573 odiet
1363 536 1595 574 avariciam.

243 594 350 630 5Iste
383 603 516 630 autem
543 603 716 642 quatuor
739 593 996 630 condiciones
1027 594 1286 642 requiruntur
1309 595 1347 630 in
1377 595 1522 641 iudice,
1555 604 1596 631 ut

276 661 384 699 patet
408 664 451 688 ex
475 652 550 688 lide
574 652 782 700 scripture.
807 652 931 687 Aliter
955 652 1059 688 enim
1082 661 1243 700 satrapa
1264 662 1395 700 posset
1420 653 1596 690 iudicare

277 710 480 746 hominem
520 711 569 746 ad
616 719 786 746 mortem
828 718 994 757 propter
1034 711 1242 747 veritatem
1285 711 1482 759 scripture
1522 711 1595 747 sibi

277 768 554 815 displicentem
591 781 712 816 quam
750 767 876 803 fidelis
910 768 1101 804 deffendit
1135 769 1351 805 katholice.
1395 769 1458 805 Sic
1490 769 1593 805 enim

276 826 422 861 summi
456 827 684 862 sacerdotes
718 825 948 862 iudicarunt
983 826 1185 862 Christum
1222 828 1270 862 ad
1310 836 1478 863 mortem
1516 837 1596 863 tur-

223 894 260 914 10
278 883 482 931 pissimam
505 892 714 932 tamquam
738 896 939 919 summum
961 884 1195 929 hereticum,
1219 885 1314 932 quia
1336 886 1596 928 blasfemum;

275 943 361 977 Joh.
386 954 431 988 ¹9
456 941 663 978 scribitur:
690 945 768 977 Nos
791 942 918 990 legem
945 943 1138 978 habemus
1163 952 1198 978 et
1222 944 1441 979 secundum
1468 944 1594 991 legem

276 1001 393 1036 debet
427 999 548 1043 mori;
583 1009 692 1048 patet
725 1009 859 1036 autem
884 999 951 1036 illa
975 1001 1033 1037 lex
1059 1000 1181 1037 Levit.
1209 1011 1274 1047 24,
1309 1001 1375 1037 ubi
1409 1001 1597 1037 dominus

276 1057 444 1106 precipit
478 1058 717 1094 blasfemum
752 1058 841 1094 duci
878 1067 914 1094 et
947 1071 969 1094 a
992 1068 1078 1095 toto
1111 1060 1262 1107 populo
1295 1059 1487 1108 lapidari3
1527 1061 1595 1096 sed

277 1125 427 1152 certum
464 1125 533 1161 est,
568 1118 677 1165 quod
710 1116 773 1152 isti
809 1116 958 1153 iudices
991 1117 1175 1154 scelerati
1218 1117 1256 1153 in
1289 1117 1477 1154 omnibus
1512 1118 1596 1154 istis

224 1174 453 1222 15quatuor
499 1174 836 1223 disposicionibus
876 1176 1106 1212 defecerunt
1140 1184 1176 1212 et
1224 1176 1314 1212 ideo
1360 1185 1594 1213 erraverunt

276 1232 454 1280 undique
500 1232 539 1269 in
584 1233 746 1269 iudicio.
794 1234 873 1269 Sed
917 1243 1013 1270 nota
1073 1235 1179 1282 quod
1238 1235 1410 1282 populus
1457 1234 1593 1270 debuit
1650 1240 1715 1266 'she
1737 1240 1845 1274 people

275 1290 455 1338 lapidare
501 1291 751 1333 blasfemum,
798 1291 892 1338 quia
937 1301 1044 1327 totus
1089 1292 1262 1340 populus
1296 1292 1432 1328 debuit
1466 1294 1589 1340 legem
1614 1275 1885 1336 fflLgissxJ-Oolfpggfi

276 1348 337 1384 dei
363 1361 604 1396 cognoscere
635 1359 671 1385 et
695 1349 778 1385 eius
803 1348 990 1385 iniuriam
1015 1359 1222 1398 tamquam
1241 1362 1412 1397 persona
1437 1351 1595 1398 dignior
1610 1344 1668 1370 ³¹¹³
1686 1344 1833 1371 maintain
1856 1344 1887 1371 Π·

276 1406 492 1451 vindicare,
527 1407 628 1443 sicut
660 1420 751 1455 sepe
776 1407 851 1442 dixi
878 1407 916 1442 in
940 1408 1145 1443 communi
1172 1421 1357 1444 sermone
1381 1410 1428 1444 de
1453 1409 1595 1455 heresi,

221 1478 262 1499 20
279 1465 376 1500 fides
409 1465 619 1512 scripture,
646 1478 734 1501 cum
761 1464 810 1501 sit
845 1467 981 1513 regula
1015 1466 1236 1514 specularis
1261 1467 1309 1502 ad
1334 1466 1594 1503 iudicandum

278 1524 326 1559 de
351 1523 478 1559 heresi
504 1536 550 1559 ac
574 1523 708 1559 omnis
732 1524 854 1560 homo
880 1525 998 1560 debet
1023 1524 1151 1572 ipsam
1177 1537 1436 1572 cognoscere,
1461 1538 1597 1572 ymmo

278 1594 419 1617 omnes
459 1581 642 1617 homines
676 1591 712 1617 et
747 1582 889 1629 singuli
925 1583 1069 1618 debent
1110 1584 1354 1618 confundere
1402 1584 1598 1619 hereticos

279 1641 522 1676 destruendo
547 1640 718 1675 heresim
755 1649 792 1675 et
837 1640 1064 1688 specialiter
1110 1641 1278 1676 heresim
1322 1642 1598 1688 symoniacam

279 1698 456 1746 patulam
505 1707 699 1745 quantum
747 1708 927 1745 possunt.
983 1698 1100 1734 Sicud
1150 1711 1243 1747 ergo
1277 1699 1422 1735 summi
1470 1713 1598 1735 sacer-

221 1758 259 1790 25
279 1758 392 1792 dotes
427 1756 465 1791 in
499 1768 540 1792 Se
575 1756 669 1804 ipsis
703 1756 850 1792 summi
876 1756 1042 1792 heretici
1077 1758 1351 1805 dampnarunt
1385 1758 1596 1794 dominum

277 1823 461 1851 nostrum
485 1816 618 1850 Jesum
655 1814 859 1851 Christum
895 1828 968 1863 pro
1002 1815 1145 1856 heresi,
1181 1816 1236 1851 sic
1276 1816 1421 1851 summi
1468 1829 1598 1852 sacer-

278 1874 390 1908 dotes
415 1872 639 1908 antichristi
663 1882 831 1920 possunt
857 1875 1078 1921 dampnare
1102 1882 1138 1909 et
1163 1874 1391 1921 extinguere
1417 1877 1597 1910 membra

278 1930 439 1975 Christi,
474 1940 640 1978 propter
673 1932 747 1966 hoc
782 1933 888 1979 quod
924 1931 1121 1967 catholice
1167 1934 1385 1980 reprobant
1431 1942 1597 1981 peccata

278 2001 417 2025 eorum
466 1998 502 2025 et
535 1989 745 2036 predicant
780 1991 986 2037 quomodo
1020 1990 1186 2025 ecclesia
1221 2000 1352 2038 potest
1388 1991 1494 2027 licite
1528 2003 1597 2038 per

218 2051 260 2082 30
278 2047 608 2083 exoneracionem
634 2048 919 2095 temporalium
945 2048 1138 2084 adiuvari.
1157 2050 1261 2084 Tota
1278 2049 1413 2097 itaque
1429 2049 1597 2085 ecclesia

277 2107 394 2141 debet
418 2105 623 2154 insurgere
643 2115 781 2141 contra
806 2119 931 2149 senes,
958 2106 1024 2154 qui
1047 2106 1287 2142 videbantur
1313 2120 1448 2155 regere
1472 2121 1598 2155 popu-

274 2163 546 2211 lum‚quando
564 2164 737 2200 avaricia
756 2164 926 2200 debriati
942 2165 1173 2211 symoniace
1183 2174 1327 2213 parant
1343 2165 1415 2201 sibi
1428 2167 1598 2214 pseudo-

274 2230 457 2268 pastores
491 2231 631 2258 contra
665 2222 834 2258 salutem
871 2222 1008 2270 populi
1046 2232 1082 2258 et
1123 2223 1242 2259 fidem
1277 2224 1495 2272 ewangelii.

343 2387 368 2406 ¹2.
391 2379 530 2407 veritatis
552 2379 778 2407 dimensionem
800 2378 841 2416 131⁰,
874 2388 956 2407 corr.
978 2381 1008 2407 in
1036 2381 1196 2408 veritatem
1220 2381 1341 2408 deitatis
1368 2390 1408 2413 a:
1436 2382 1596 2410 veritatem

275 2413 396 2442 deitatis
417 2415 446 2446 i,·
466 2414 496 2441 in
517 2414 546 2440 Ιι.
567 2415 606 2441 al.
628 2423 664 2442 m.
686 2416 728 2442 ad
748 2416 867 2442 divinit.
889 2416 984 2442 add:
1006 2415 1243 2443 beatitudinem.
1336 2416 1360 2443 3.
1382 2421 1409 2443 et
1431 2417 1598 2452 requiritur

274 2454 384 2482 quarto
404 2449 509 2476 ceteri.
582 2458 613 2483 4.
635 2449 741 2477 odient
761 2449 801 2486 bs.
875 2449 898 2477 5.
921 2450 957 2477 ad
979 2450 1113 2478 iudicem
1135 2459 1163 2478 a.
1245 2452 1271 2479 ti.
1295 2451 1376 2478 enim
1399 2452 1555 2485 scriptura
1576 2453 1596 2478 ι’.

273 2490 302 2517 9.
323 2483 500 2511 iudicarunt
520 2484 568 2517 clz,
601 2485 816 2512 iudicaverunt
835 2485 940 2512 celeri.
1032 2494 1062 2520 9,
1084 2493 1124 2512 io.
1147 2486 1183 2512 ad
1211 2491 1302 2513 mort.
1333 2491 1416 2521 turp.
1445 2487 1486 2513 al.
1509 2495 1546 2513 m.
1568 2487 1596 2513 Ιι.

273 2525 314 2544 10.
342 2520 412 2554 quia
438 2518 498 2553 bes,
532 2519 563 2545 in
590 2527 653 2547 ras.
680 2519 708 2553 h,
741 2527 824 2547 corr.
851 2520 881 2546 in
909 2525 936 2547 et
963 2521 1013 2546 ad.
1124 2520 1223 2548 11—13.
1251 2521 1317 2548 Nos
1340 2537 1370 2540 —
1391 2521 1460 2548 duci
1489 2529 1548 2548 om.
1571 2530 1596 2548 e.

273 2551 311 2579 13.
344 2553 473 2588 precipit
500 2554 529 2579 Ιι.
556 2561 640 2581 corr.
666 2562 705 2581 ex
730 2555 869 2590 precepit
894 2555 923 2585 d,
962 2555 1097 2589 precepit
1123 2556 1238 2586 ceteri,-
1269 2557 1307 2582 ih.
1336 2560 1400 2582 toto
1436 2556 1476 2582 al.
1504 2565 1540 2583 m,
1568 2557 1595 2582 Ιι.

274 2595 315 2620 14.
338 2588 459 2615 celerati
480 2587 518 2619 lz‚·
550 2589 587 2615 ib.
616 2588 763 2616 omnibus
788 2592 830 2616 αί.
851 2598 889 2616 m.
912 2590 942 2616 Ιι.
1035 2591 1061 2618 15
1101 2590 1369 2624 disposicionibus
1389 2589 1492 2626 cdeflz,
1516 2591 1595 2626 disp.

273 2622 348 2649 alias
369 2622 605 2650 condicionicus
625 2625 653 2657 b,
675 2624 915 2651 condicionibus
936 2625 1040 2651 ceteri.
1117 2626 1156 2652 10.
1180 2625 1252 2652 und.
1275 2625 1304 2651 in
1326 2625 1389 2652 iud.
1411 2627 1458 2656 eli,
1480 2627 1510 2653 in
1532 2626 1596 2652 iud.

273 2657 347 2684 und.
370 2657 473 2684 ceteri.
548 2666 587 2686 17.
611 2658 698 2685 biasf.
719 2659 780 2693 lap.
800 2658 846 2694 df.
922 2668 962 2693 ις).
986 2659 1135 2686 vindicari
1157 2658 1230 2695 ahs:
1250 2660 1287 2686 ih.
1311 2668 1381 2694 sepe
1401 2661 1429 2688 h.
1450 2661 1491 2687 αΙ.
1508 2669 1545 2687 m.
1567 2660 1596 2692 d,

274 2699 323 2718 om
343 2693 448 2719 ceteri.
553 2700 594 2719 21.
617 2694 711 2720 homo
732 2701 788 2720 om.
812 2693 853 2730 bf,
875 2695 915 2721 al.
939 2702 975 2720 m.
997 2694 1047 2720 acl.
1157 2695 1198 2721 75.
1220 2694 1471 2728 dampnaverunt
1490 2696 1596 2722 ceteri.

274 2727 321 2753 26.
343 2731 484 2754 nostrum
506 2735 554 2754 om
575 2727 613 2760 Ιι,·
632 2728 671 2754 ib.
692 2728 777 2755 dom.
797 2728 856 2755 Jes.
873 2728 946 2756 Chr.
963 2729 1005 2755 al.
1021 2737 1057 2755 m.
1073 2730 1102 2762 Ιι,
1119 2729 1183 2757 Chr
1208 2737 1266 2756 om.
1281 2737 1324 2756 ce.
1398 2737 1442 2764 27.
1466 2729 1595 2757 antichr.

272 2769 331 2788 om.
358 2760 401 2797 bf,
428 2762 470 2788 al.
497 2770 534 2788 m.
561 2762 590 2788 d.
698 2762 741 2789 32.
769 2763 899 2790 debriati
921 2764 947 2796 h,
975 2771 1056 2790 corr.
1079 2772 1116 2790 ex
1136 2763 1255 2791 delirati
1285 2764 1313 2796 d,
1345 2764 1463 2792 delirati
1493 2765 1596 2792 ceteri.

275 2795 315 2824 13.
337 2799 466 2824 salutem
488 2804 606 2832 ewang.
626 2797 671 2833 gi.

346 2879 395 2900 11.
422 2868 503 2900 Joh.
535 2878 585 2912 19,
614 2879 645 2910 7.
747 2879 796 2901 12.
826 2870 935 2902 Levit.
966 2880 1019 2911 24,
1052 2869 1101 2902 16.
