2002 3359
209 713 360 740 llilllmlllv
381 713 415 739 ol*

181 748 300 787 pulling
321 745 356 774 ai]
379 748 435 775 end

217 787 245 809 lo
267 791 400 817 >almum-V.

891 325 1115 356 ,IOHANNIS
1144 327 1328 358 WYCJJF
1620 315 1711 371 [Cav-
1733 327 1768 354 11·

460 430 519 465 vel
564 429 692 466 hostia
737 443 808 478 pro
854 439 1029 477 peccato.
1085 431 1159 467 Sed
1207 432 1299 480 quia
1349 433 1471 469 animi
1518 444 1628 470 actus
1681 445 1770 471 sunt

459 486 574 523 nobis
618 487 814 523 notissimi
849 497 885 524 et
918 501 988 536 per
1027 501 1273 538 consequens
1318 491 1587 528 necessarium
1622 501 1677 528 est
1711 506 1771 529 ec-

460 545 576 581 clesie
600 546 745 581 habere
768 546 958 582 noticiam
983 547 1030 582 de
1052 547 1283 594 symoniaca
1306 549 1446 595 heresi,
1480 549 1569 585 ideo
1593 550 1771 587 raciona—

460 603 594 638 biliter
617 604 664 639 de
688 603 773 650 ipsa
795 604 972 652 loquitur
994 614 1036 641 ut
1060 615 1116 642 est
1149 615 1273 652 actuS,
1308 606 1437 654 ipsum
1472 616 1605 643 autem
1637 617 1769 644 actum

462 661 817 697 concommittatur
869 662 1188 710 inseparabiliter
1239 673 1320 700 tam
1375 665 1549 701 defectus
1602 667 1769 713 peccati,

461 732 581 766 quam
617 719 773 755 habitus
805 719 986 756 viciosus.
1029 722 1154 763 Unde,
1191 731 1230 757 ut
1263 732 1398 758 narrat
1432 723 1677 769 parisiensis,
1711 737 1770 771 sy-

462 776 595 813 monia
630 776 731 813 sicut
764 778 873 825 lepra
907 779 954 814 de
987 778 1139 815 difficili
1174 789 1353 825 curatur:
1387 780 1518 828 primo
1552 781 1646 829 quia
1675 781 1770 817 illud

461 834 611 870 crimen
636 844 691 871 est
715 836 971 882 profundum,
993 837 1190 873 subtiliter
1210 837 1399 874 vallatum
1424 839 1587 875 cautelis
1609 839 1771 883 diaboli,

460 905 529 940 per
562 894 636 929 hoc
671 893 773 929 enim
821 894 1095 942 principaliter
1139 895 1292 931 seducit
1337 897 1551 944 populum3
1597 899 1771 934 secundo

460 950 554 997 quia
586 960 743 999 oportet
777 952 976 999 resignare
1011 953 1248 989 beneficium
1283 955 1389 1002 quod
1424 954 1675 1002 symoniacus
1709 969 1771 991 ac-

461 1008 621 1055 quisivit
665 1010 802 1045 saltem
851 1011 1018 1046 durante
1071 1010 1322 1048 inhabilitate
1366 1025 1534 1059 persone
1580 1015 1628 1049 ad
1673 1014 1770 1049 illud

460 1066 658 1110 officium3
712 1067 807 1103 illud
853 1078 986 1104 autem
1033 1078 1088 1104 est
1126 1070 1239 1105 valde
1285 1070 1459 1116 difficile,
1508 1084 1597 1106 cum
1644 1071 1771 1107 maior

460 1137 550 1171 pars
575 1125 667 1161 cleri
694 1125 972 1172 possessionati
995 1127 1054 1162 vel
1078 1140 1215 1163 omnes
1239 1127 1485 1164 dimitterent
1504 1129 1771 1176 possessiones

460 1195 550 1218 suas
584 1182 623 1218 in
656 1196 797 1219 manus
830 1183 963 1229 laicas,
998 1184 1166 1221 vivendo
1199 1187 1417 1221 secundum
1459 1195 1605 1222 statum
1652 1200 1769 1235 quem

461 1240 641 1276 Christus
694 1241 865 1277 instituit
912 1243 951 1277 in
1000 1243 1165 1279 ecclesia
1218 1243 1432 1291 primitiva.
1486 1245 1563 1281 Sed
1615 1253 1769 1281 tantum

461 1297 626 1335 invaluit
672 1300 742 1335 hec
788 1300 898 1347 lepra
942 1300 982 1336 in
1027 1300 1179 1337 clericis
1224 1303 1331 1349 quod
1375 1302 1512 1349 pocius
1560 1303 1771 1350 perderent

461 1369 604 1403 corpus
638 1366 675 1392 et
707 1356 882 1393 animam
917 1358 956 1393 in
987 1359 1218 1395 Jehennam.
1267 1361 1380 1396 Unde
1424 1360 1675 1407 symoniacus
1716 1370 1771 1397 est

462 1414 574 1461 quasi
608 1414 725 1462 piscis
759 1424 896 1462 captus
930 1416 968 1452 in
1000 1416 1102 1452 vasis
1135 1417 1295 1462 diaboli,
1345 1418 1411 1465 qui
1451 1427 1614 1466 propter
1647 1419 1771 1455 conti-

461 1484 581 1508 nuam
635 1472 941 1510 inundacionem
997 1475 1148 1521 peccati
1193 1488 1273 1511 non
1318 1476 1420 1512 redit
1471 1489 1541 1523 per
1592 1476 1770 1513 foramen

461 1543 540 1577 quo
573 1530 772 1578 ingressus
806 1540 862 1567 est
894 1545 966 1568 nec
999 1532 1144 1568 sufficit
1177 1534 1286 1569 rethe
1332 1546 1530 1581 rumpere,
1574 1536 1634 1570 vel
1682 1547 1772 1582 cap-

462 1597 591 1624 turam
627 1590 791 1625 evadere
830 1589 1010 1635 aliunde;
1058 1590 1148 1627 ideo
1193 1591 1281 1627 talis
1327 1592 1444 1628 habet
1488 1592 1600 1640 quasi
1648 1605 1770 1628 unum

462 1647 601 1693 pedem
638 1647 811 1694 positum
849 1647 889 1683 in
921 1648 1086 1684 inferno.
1130 1650 1220 1685 Ideo
1252 1648 1454 1697 signanter
1487 1649 1583 1686 dicit
1614 1650 1771 1698 sapiens

464 1704 718 1741 Ecclesiastes
741 1718 784 1750 4:
811 1706 1033 1742 ‘Custodies
1056 1707 1197 1754 pedem
1222 1716 1333 1743 tuum
1358 1707 1582 1755 ingrediens
1606 1710 1768 1744 domum

463 1761 649 1808 domini’;
684 1772 720 1798 et
742 1765 885 1801 Jerem.
917 1777 982 1811 17:
1008 1766 1232 1801 ‘Peccatum
1257 1766 1358 1801 Juda
1380 1764 1572 1813 scriptum
1599 1775 1655 1802 est
1681 1765 1770 1801 stilo

462 1820 590 1855 ferreo
615 1828 651 1856 et
674 1834 804 1868 ungue
838 1822 1108 1868 adamantino,
1144 1831 1345 1859 exaratum
1371 1836 1488 1871 super
1514 1823 1769 1860 latitudinem
1811 1824 1823 1856 Ῑ

463 1877 592 1913 cordis
622 1880 783 1917 eorum.'
817 1881 930 1925 Juda,
965 1881 1072 1927 quod
1095 1880 1380 1928 interpretatur
1404 1881 1608 1927 confitens,
1643 1882 1771 1929 signat

463 1936 611 1971 clerum
651 1945 830 1972 nostrum
866 1937 933 1985 qui
967 1938 1180 1974 confitetur
1211 1951 1251 1975 se
1282 1952 1397 1976 nosse
1430 1940 1547 1975 deum
1582 1953 1651 1987 pre
1684 1939 1770 1975 aliis

463 2002 498 2028 et
531 1993 642 2041 sequi
677 2008 766 2030 eum
800 1995 840 2030 in
874 1995 1122 2032 conficiendo
1168 1996 1423 2033 eukaristiam
1464 2010 1509 2033 ac
1553 1997 1593 2033 in
1638 1997 1770 2033 multi-

462 2050 608 2098 plicata
640 2052 849 2089 oblacione
881 2066 953 2101 pro
987 2053 1213 2090 elemosinis
1240 2054 1419 2091 vivorum
1445 2064 1481 2091 et
1505 2064 1769 2099 mortuorum,

461 2122 559 2156 quas
605 2119 854 2147 monstruose
899 2121 1150 2159 receperant3
1203 2121 1240 2148 et
1283 2126 1490 2160 nunquam
1535 2122 1591 2150 est
1635 2113 1770 2149 falsior

462 2167 670 2214 confessio,
705 2181 793 2204 cum
830 2169 1075 2206 mendaciter
1108 2169 1219 2206 factis
1251 2179 1417 2218 negant3
1458 2170 1546 2207 ideo
1579 2170 1767 2206 nimirum

461 2224 606 2261 dicitur
637 2226 734 2261 illud
767 2236 976 2274 peccatum
1010 2227 1284 2275 symoniacum
1319 2229 1561 2276 profundum
1585 2237 1622 2265 et
1645 2229 1767 2265 latum

461 2282 573 2329 quasi
606 2283 872 2320 indelebiliter
896 2298 978 2321 esse
1002 2285 1207 2333 scriptum.
1246 2286 1344 2331 Quis
1369 2286 1472 2322 enim
1497 2295 1627 2334 potest
1649 2287 1769 2322 corda

461 2350 541 2376 tam
575 2342 653 2377 late
686 2342 925 2378 cauterisata
957 2344 1120 2379 sanare?
1158 2343 1279 2379 Nobis
1313 2352 1369 2380 est
1401 2343 1643 2391 inpossibile,
1678 2356 1766 2379 cum

462 2398 588 2434 clerus
621 2398 670 2434 sit
703 2411 772 2435 cor
802 2400 954 2447 populi,
1001 2402 1108 2448 quod
1153 2413 1233 2436 non
1277 2400 1368 2437 licet
1412 2401 1525 2437 nobis
1558 2401 1766 2448 attingere,

462 2465 498 2493 et
531 2465 572 2492 ut
606 2456 700 2493 dicit
739 2458 954 2505 apostolus,
997 2471 1006 2493 1
1037 2459 1178 2506 Thym.
1213 2471 1251 2504 4.
1288 2459 1577 2495 “cauteriatam
1624 2460 1769 2496 habent

531 2587 549 2606 ι.
572 2578 671 2605 hostia
691 2586 749 2605 om.
765 2578 792 2610 i,·
814 2578 865 2605 sed
886 2579 926 2605 αἱ.
942 2587 979 2605 m.
994 2579 1067 2614 σείς,
1087 2587 1143 2606 om.
1158 2579 1245 2615 bcqs}
1263 2579 1294 2606 in
1308 2581 1391 2607 textu
1411 2588 1492 2613 cum,
1511 2581 1552 2608 al.
1567 2589 1603 2608 m,
1620 2580 1713 2608 animi
1729 2589 1767 2613 a,-

460 2621 529 2640 cum
546 2620 607 2648 pro
627 2612 720 2640 animi
741 2621 767 2640 e.
822 2620 846 2639 2.
868 2621 1059 2648 consequens
1073 2621 1092 2640 a
1105 2613 1212 2640 solum.
1267 2623 1296 2647 4.
1319 2614 1387 2649 ipso
1401 2615 1429 2641 Ιι.
1487 2623 1527 2648 14.
1544 2624 1615 2642 suas
1629 2624 1648 2642 α
1662 2616 1703 2642 al.
1719 2623 1767 2648 vu,

460 2656 518 2674 om.
537 2647 640 2675 ceteri.
737 2647 773 2675 15.
794 2651 827 2674 ut
845 2648 875 2674 in
896 2647 999 2679 ceteri,
1019 2651 1050 2674 ut
1069 2648 1199 2675 deletum
1218 2656 1261 2684 g,·
1285 2648 1323 2675 ib.
1344 2649 1375 2676 in
1396 2652 1478 2676 textu
1499 2650 1648 2685 primeva,
1668 2651 1710 2678 cll.
1730 2658 1766 2676 m.

461 2682 616 2717 primitiva
635 2691 676 2718 μζ,-
702 2681 858 2717 primitiva
878 2682 923 2715 elz,
945 2682 1081 2717 primeva
1102 2683 1204 2709 ceteri.
1286 2683 1328 2710 23.
1350 2683 1552 2718 ingrediendo
1572 2685 1591 2712 i.
1679 2685 1719 2712 25.
1741 2689 1768 2712 ct

460 2724 529 2743 cum
551 2724 650 2750 ungue
669 2716 696 2744 Ιι.
795 2716 842 2744 26.
864 2717 946 2752 quod
967 2724 1048 2745 corr.
1069 2725 1106 2744 ex
1125 2717 1175 2752 qui
1197 2725 1241 2752 g,·
1267 2718 1318 2752 qui
1339 2718 1441 2745 ceteri.
1540 2727 1586 2755 27.
1607 2719 1766 2746 Christum

461 2751 551 2778 deum
563 2750 596 2785 f.
662 2750 701 2778 31.
722 2758 792 2778 cum
814 2751 916 2778 mend.
937 2751 982 2785 ch,
1003 2759 1095 2786 quam
1117 2759 1186 2779 cum
1208 2752 1310 2780 mend.
1332 2753 1434 2780 ceteri.
1501 2752 1545 2781 32.
1568 2753 1720 2788 profunde
1740 2758 1768 2780 et

460 2786 517 2824 late
538 2785 662 2846 cetegi&
688 2784 759 2846 136.
782 2793 791 2812 1
811 2785 925 2822 Thym.
946 2794 966 2820 4
985 2786 1197 2821 cauteriatum,
1218 2794 1298 2814 corr.
1320 2795 1358 2815 ex
1376 2788 1590 2816 cauterisatam
1611 2797 1649 2821 a;
1668 2792 1767 2816 caute-

461 2824 586 2847 1·1satam
624 2827 639 2847 c
663 2828 716 2855 gt.

529 2890 561 2922 (⁴).
589 2890 640 2922 Cf.
667 2901 744 2933 pag.
769 2891 801 2931 8,
829 2899 897 2923 not.
926 2892 1009 2925 Ibid.
1037 2890 1107 2933 7:3³*-
1204 2893 1256 2925 23.
1282 2893 1414 2925 Ecclcs.
1439 2903 1471 2934 4,
1496 2904 1544 2936 17.
1634 2903 1686 2927 24.
1711 2895 1765 2925 Je-

461 2948 544 2969 rem.
576 2947 625 2981 17,
657 2948 683 2968 1.
780 2937 833 2971 36.
865 2949 873 2969 x
906 2938 996 2970 Tim.
1020 2948 1053 2980 4,
1082 2948 1111 2970 2.

1792 970 1829 989 I()

1792 1248 1827 1279 13

1789 1546 1829 1567 20

1787 2115 1802 2146 ’,ὲ
1807 2125 1828 2143 o

1785 2401 1824 2435 35
