2002 3359
154 309 198 343 16

191 777 258 806 The
278 777 365 804 word

192 813 366 840 inordinata

163 848 300 883 supplies
320 847 401 874 what

190 884 215 910 is
235 882 382 916 wanting.

176 1938 201 1965 It
221 1937 248 1964 is
269 1936 392 1972 simony

161 1973 207 2001 for
227 1982 245 1998 a
265 1971 359 2007 priest
378 1976 409 1998 to

176 2007 292 2034 receive
313 2015 398 2034 more

166 2043 238 2069 than
260 2042 295 2069 he
317 2042 409 2077 really

229 2077 334 2111 needs,

868 316 1090 348 JOHANNIS
1119 316 1301 349 WYCLIF
1580 309 1686 367 [CAP.
1708 320 1744 348 11.

433 420 566 457 vendit
610 434 682 468 pro
726 422 797 457 levi
838 423 971 469 precio
1016 423 1336 471 spiritualissima
1381 429 1583 475 creaturis,
1638 438 1745 477 patet

433 480 539 527 quod
584 479 689 516 dicta
734 492 814 515 non
866 489 922 516 est
972 482 1076 517 bona
1120 482 1342 530 descripcio
1392 486 1591 533 symonie,
1637 489 1745 535 quod

433 546 565 573 autem
605 550 724 573 omne
764 550 906 586 corpus
938 538 987 575 sit
1025 539 1220 587 spirituali
1265 553 1477 589 annexum,
1515 544 1669 581 videtur
1702 558 1745 582 ex

434 596 521 635 hoc,
564 596 670 642 quod
711 608 830 632 omne
870 609 1014 645 corpus
1055 606 1111 633 est
1150 611 1346 635 annexum
1393 600 1547 638 iusticie
1580 616 1656 651 que
1690 612 1747 639 est

433 652 812 700 spiritualissimum.
848 656 896 690 Et
929 667 972 691 ex
1005 654 1080 691 isto
1113 655 1268 692 videtur
1291 659 1398 705 quod
1426 658 1577 696 iudices
1611 669 1646 696 et
1680 662 1747 697 ad-

433 710 562 746 vocati
596 710 731 747 illicite
763 713 977 749 rendentes
1011 713 1223 759 iusticiam,
1270 716 1527 753 committunt
1572 718 1747 754 crebrius

434 768 671 816 symoniam.
718 770 867 806 Omnes
913 770 1017 806 enim
1064 772 1161 807 tales
1205 772 1399 810 instancie
1443 776 1639 812 tolluntur
1678 789 1748 824 per

435 827 522 869 hoc,
548 828 654 874 quod
678 827 859 875 symonia
884 838 940 864 est
962 828 1192 865 inordinata
1206 830 1362 878 volicio,
1387 845 1459 868 nec
1483 835 1660 870 concedo
1676 847 1748 870 nec

435 884 667 920 contradico
701 885 792 921 huic
826 886 1039 933 sentencie,
1074 900 1150 935 que
1174 887 1269 924 dicit
1301 891 1409 937 quod
1441 891 1570 927 omnis
1603 892 1748 928 iniuste

435 955 616 978 mercans
639 952 996 993 quantumcunque
1019 945 1251 982 seculariter
1272 948 1486 984 committit
1508 950 1746 997 symoniam,

434 1000 474 1036 in
497 1010 692 1048 quantum
718 1002 813 1038 emit
835 1003 895 1038 vel
916 1003 1050 1039 vendit
1072 1003 1298 1041 inordinate
1320 1005 1531 1043 iusticiam.
1557 1008 1748 1056 Symonia

435 1058 541 1095 enim
572 1059 611 1095 in
635 1072 705 1095 sua
728 1060 988 1107 generalitate
1013 1074 1056 1097 ex
1079 1074 1182 1109 equo
1207 1063 1466 1112 consequitur
1490 1066 1539 1102 ad
1564 1067 1745 1105 mortale.

491 1117 634 1153 Tercio
665 1118 823 1154 videtur
861 1118 1178 1167 descripcionem
1224 1122 1453 1159 convenisse
1487 1124 1677 1171 apostolis
1711 1134 1747 1161 et

435 1174 595 1211 cuilibet
627 1176 838 1222 sacerdoti,
874 1190 963 1213 cum
997 1187 1247 1214 commutant
1276 1179 1481 1227 spirituale
1514 1181 1746 1230 suffragium

434 1242 598 1280 propter
621 1234 863 1281 stipendium
888 1236 1122 1283 temporale,
1147 1245 1188 1272 ut
1211 1238 1326 1273 docet
1350 1239 1553 1286 apostolus
1576 1253 1584 1275 1
1610 1241 1700 1277 Cor.
1724 1253 1746 1287 9

435 1291 482 1326 de
506 1291 590 1339 lege
624 1292 685 1328 dei
710 1293 853 1329 debere
877 1293 981 1329 fieri:
1017 1293 1084 1339 ‘Si,
1119 1293 1264 1342 inquit,
1296 1308 1367 1332 nos
1389 1296 1500 1332 vobis
1524 1297 1748 1345 spiritualia

434 1348 692 1396 seminamus,
716 1363 796 1386 non
821 1359 877 1386 est
902 1364 1090 1399 magnum
1114 1351 1145 1387 si
1170 1353 1347 1389 carnalia
1370 1363 1498 1391 vestra
1522 1357 1746 1392 metamus.'

434 1409 516 1443 Nec
540 1407 655 1444 aliter
678 1416 799 1444 staret
823 1409 1000 1445 ecclesia.
1026 1412 1073 1445 Et
1096 1409 1201 1445 idem
1226 1410 1381 1447 videtur
1404 1413 1451 1448 de
1475 1414 1748 1450 sacerdotibus

435 1465 502 1512 qui
530 1474 613 1502 arte
646 1466 796 1502 instant
828 1476 870 1503 ut
903 1467 1104 1515 accipiant
1138 1468 1343 1515 copiosum
1378 1470 1635 1518 stipendium.
1670 1473 1747 1508 Sed

435 1522 539 1558 istud
561 1523 712 1560 tollitur
733 1538 802 1572 per
824 1526 912 1571 hoc,
934 1527 1041 1574 quod
1062 1526 1243 1573 symonia
1266 1536 1322 1563 est
1343 1527 1571 1569 inordinata
1591 1530 1747 1567 volicio.

436 1582 550 1617 Unde
574 1582 742 1630 apostoli
767 1584 989 1619 docuerunt
1022 1583 1061 1619 in
1094 1576 1199 1620 facto
1232 1586 1339 1632 quod
1372 1585 1412 1621 in
1444 1586 1521 1622 illis
1544 1587 1617 1623 fuit
1641 1587 1747 1624 ordi-

435 1648 527 1675 nata
571 1640 727 1686 volicio,
782 1640 875 1689 quia
919 1642 1007 1689 plus
1052 1643 1273 1689 querebant
1312 1644 1480 1680 salutem
1521 1645 1746 1682 animarum

435 1697 586 1745 populi,
627 1711 748 1746 quam
781 1700 1003 1747 temporale
1036 1699 1294 1747 stipendium,
1340 1701 1433 1749 quia
1466 1702 1747 1740 laboraverunt

435 1757 678 1804 quandoque
711 1757 895 1793 manibus
929 1766 965 1793 et
997 1757 1226 1794 transitorie
1260 1771 1305 1794 ac
1337 1772 1455 1807 parce
1488 1771 1747 1809 susceperunt

436 1813 672 1850 elemosinas
695 1815 935 1862 temporales
959 1828 981 1851 a
1002 1816 1151 1863 populo
1175 1816 1326 1863 precise
1359 1826 1553 1865 quantum
1587 1819 1659 1855 fuit
1693 1819 1746 1855 eis

435 1872 702 1908 necessarium
745 1882 780 1908 et
814 1873 908 1909 utile
948 1874 1096 1921 populo
1141 1875 1190 1909 ad
1235 1874 1440 1922 spirituale
1479 1876 1744 1913 ministerium

436 1931 749 1977 rependendum.
787 1932 900 1967 Unde
918 1931 1073 1967 videtur
1097 1931 1217 1967 michi
1242 1932 1404 1969 indubie
1428 1935 1534 1981 quod
1568 1936 1746 1982 quando-

436 1999 593 2035 cunque
637 1988 804 2024 clericus
856 1989 1083 2026 intencione
1135 1989 1213 2026 alia
1254 1991 1315 2026 vel
1369 2003 1570 2037 mensura,
1623 2005 1743 2041 quam

436 2045 569 2092 gracia
602 2046 863 2094 spiritualiter
896 2047 1110 2084 edificandi
1143 2049 1351 2095 populum,
1392 2062 1413 2085 a
1446 2050 1596 2097 populo
1630 2052 1746 2087 bene-

437 2102 658 2140 diccionem
703 2104 910 2152 receperit,
963 2105 1216 2153 symoniacus
1262 2115 1318 2142 est
1364 2109 1598 2154 censendus,
1652 2109 1746 2156 quia

435 2161 670 2208 dignitatem
703 2163 763 2198 vel
795 2162 976 2199 ordinem
999 2163 1225 2200 inordinate
1258 2173 1478 2201 commutat
1506 2178 1579 2213 pro
1611 2166 1746 2214 precio

1768 961 1807 983 10

1769 1240 1803 1272 15

1766 1541 1806 1561 20

1764 1819 1804 1851 25

1763 2109 1804 2141 30

434 2219 667 2267 temporali3
719 2233 792 2256 nec
844 2221 963 2257 refert
1014 2230 1147 2257 utrum
1195 2222 1446 2259 mercacione
1490 2223 1641 2271 vulgari
1686 2225 1773 2260 velv

435 2286 792 2326 quantumcunque
824 2278 943 2315 tacite
977 2278 1044 2315 fiat
1076 2279 1144 2316 illa
1176 2280 1459 2327 commutacio,
1493 2282 1588 2317 dum
1611 2290 1746 2318 tamen

504 2418 525 2438 1.
552 2411 583 2438 in
603 2413 686 2438 textu
706 2411 887 2446 creacionis,
913 2412 954 2439 al.
974 2420 1012 2439 mi
1034 2413 1182 2440 creaturis
1203 2413 1232 2447 d,
1253 2413 1422 2442 creacionis
1442 2415 1545 2443 ceteri.
1630 2413 1655 2442 3.
1674 2419 1746 2442 tunc

432 2452 492 2480 pro
513 2450 613 2473 autem
634 2446 662 2472 h.
732 2447 756 2474 5.
778 2446 815 2474 Et
834 2450 907 2474 ante
926 2455 962 2473 ex
981 2455 1037 2474 om.
1053 2447 1073 2474 i.
1148 2456 1173 2483 7.
1195 2447 1276 2475 enim
1291 2456 1349 2476 om.
1364 2448 1393 2475 lz.
1464 2449 1492 2477 8.
1513 2449 1668 2477 contendo
1683 2458 1745 2485 pro

435 2480 572 2507 concedo
586 2480 620 2507 bc
721 2489 760 2508 12.
782 2486 810 2508 et
830 2490 866 2508 ex
884 2481 963 2517 absi.
1055 2490 1097 2516 14.
1119 2487 1313 2510 commutant
1332 2491 1356 2515 c,
1377 2484 1592 2511 committante
1612 2484 1641 2517 Ιι,
1662 2492 1746 2512 com-

436 2519 560 2541 mutans
580 2516 683 2543 celeri.
757 2524 796 2551 17.
818 2516 1033 2544 ministramus
1048 2524 1109 2552 pro
1131 2517 1239 2544 semin.
1260 2517 1301 2545 di.
1374 2525 1420 2545 20.
1436 2518 1509 2545 illud
1530 2519 1595 2546 toll.
1616 2519 1747 2556 abcdgz';

435 2548 472 2576 ib.
493 2549 575 2583 quod
597 2566 629 2569 —
649 2550 761 2578 volicio
781 2551 822 2578 al.
843 2559 880 2577 m.
901 2551 930 2578 h.
1002 2559 1045 2579 22.
1067 2551 1168 2579 anime
1188 2552 1292 2579 ceteri.
1372 2551 1415 2579 23.
1437 2553 1519 2592 quod
1534 2561 1596 2588 pro
1616 2554 1688 2588 quia
1707 2554 1747 2586 h,-

436 2583 575 2611 laborant
589 2584 606 2610 Ιι
617 2595 626 2613 .·
640 2585 783 2612 manibus
799 2585 934 2621 propriis
949 2585 978 2612 d.
994 2588 1113 2621 (propr.
1129 2586 1170 2614 al.
1184 2595 1221 2613 m.
1237 2585 1323 2620 add.)
1332 2596 1343 2618 ‚·
1357 2586 1387 2613 in
1402 2588 1565 2615 animabus
1581 2588 1703 2623 proprie
1716 2589 1744 2615 Ιι.

436 2625 482 2652 24.
505 2623 591 2652 parte
611 2619 630 2646 i.
693 2627 738 2655 27,
759 2620 804 2647 28.
826 2620 1001 2659 quicunque
1021 2621 1057 2648 cl.
1078 2621 1274 2648 contenciose
1294 2621 1413 2656 recipit,
1435 2630 1513 2657 sym.
1535 2626 1588 2650 etc.
1610 2630 1649 2655 a;
1668 2626 1698 2650 ut
1716 2631 1745 2654 a,

435 2652 490 2680 sed
509 2655 655 2688 receperit
675 2654 709 2687 b;
735 2654 909 2682 intenc1one
929 2656 986 2682 alia
1006 2656 1051 2682 vel
1074 2663 1218 2683 mensura
1238 2663 1298 2691 qua
1317 2656 1420 2691 gracia
1440 2656 1643 2692 spiritualiter
1662 2657 1746 2685 edifi-

436 2687 524 2714 candi
546 2689 695 2723 populum
717 2689 842 2716 ordines
863 2689 1021 2724 receperit,
1043 2689 1241 2725 symoniacus
1261 2693 1315 2717 etc.
1336 2698 1369 2722 c;
1390 2690 1563 2718 intencione
1584 2692 1641 2726 (vel
1662 2700 1746 2719 men-

437 2730 508 2748 sura
523 2722 559 2749 de
574 2723 736 2757 temporali
752 2724 821 2759 plus
836 2724 943 2759 recipit
964 2724 1027 2751 sive
1042 2732 1058 2751 a
1079 2725 1194 2759 populo
1216 2724 1391 2752 benediccet
1411 2726 1441 2753 in
1461 2733 1564 2761 marg.
1586 2727 1627 2754 al.
1641 2728 1691 2760 m.)
1708 2727 1744 2758 d,-

437 2759 469 2783 ut
487 2765 516 2786 α,
536 2757 593 2784 sed
610 2758 641 2784 in
661 2761 743 2785 textu
763 2758 981 2793 intencionem,
1008 2759 1049 2786 al.
1069 2767 1106 2785 m.
1128 2759 1323 2786 contenciose
1342 2768 1376 2792 e;
1403 2760 1435 2787 in
1453 2763 1537 2788 textu
1556 2761 1626 2788 cler.
1648 2761 1746 2788 inten-

436 2791 555 2818 cionem
584 2792 701 2827 recipit,
731 2801 807 2828 sym.
828 2796 894 2825 eta,
918 2794 960 2820 al.
981 2801 1018 2820 m.
1039 2794 1110 2820 cler.
1137 2793 1344 2821 intencionem
1371 2794 1536 2830 recipiendi
1564 2795 1744 2830 dignitatem

437 2826 604 2853 sacerdocii
626 2827 732 2862 recipit
752 2828 881 2864 sym.s;
900 2831 933 2868 uf
951 2835 980 2859 a,
1000 2828 1051 2855 sed
1073 2832 1154 2855 cont.
1171 2828 1246 2889 plus
1267 2836 1327 2856 rec.
1347 2829 1402 2865 ὄπ’,-
1420 2837 1513 2865 quam
1533 2831 1634 2891 {racia
1655 2830 1745 2866 spiri-

435 2860 558 2888 tualiter
569 2861 729 2897 edificandi
744 2863 893 2897 populum
908 2871 939 2890 m
951 2870 1053 2899 marg.
1068 2863 1109 2890 al.
1122 2870 1159 2889 m.

1254 2862 1293 2891 31.
1306 2863 1447 2891 comittat
1457 2863 1485 2891 lz.
1559 2863 1583 2892 3.
1596 2864 1645 2892 illa
1657 2872 1704 2892 om
1715 2864 1743 2891 Ιι.

512 2932 600 2965 15.1
633 2934 710 2967 Cor.
737 2944 767 2978 9,
799 2945 848 2969 11.
