<?xml version="1.0" encoding="UTF-8"?>
<!DOCTYPE html PUBLIC "-//W3C//DTD XHTML 1.0 Transitional//EN"
    "http://www.w3.org/TR/xhtml1/DTD/xhtml1-transitional.dtd">
<html xmlns="http://www.w3.org/1999/xhtml" xml:lang="en" lang="en">
 <head>
  <title>
</title>
<meta http-equiv="Content-Type" content="text/html;charset=utf-8" />
  <meta name='ocr-system' content='tesseract 3.04.00' />
  <meta name='ocr-capabilities' content='ocr_page ocr_carea ocr_par ocr_line ocrx_word'/>
</head>
<body>
  <div class='ocr_page' id='page_1' title='image "./iohanniswycliftr16wycl/iohanniswycliftr16wycl_0161.png"; bbox 0 0 2002 3359; ppageno 0'>
   <div class='ocr_carea' id='block_1_1' title="bbox 220 933 257 952">
    <p class='ocr_par' dir='ltr' id='par_1_1' title="bbox 220 933 257 952">
     <span class='ocr_line' id='line_1_1' title="bbox 220 933 257 952; baseline 0 0"><span class='ocrx_word' id='word_1_1' title='bbox 220 933 257 952; x_wconf 77' lang='lat'>10</span> 
     </span>
    </p>
   </div>
   <div class='ocr_carea' id='block_1_2' title="bbox 219 1214 254 1245">
    <p class='ocr_par' dir='ltr' id='par_1_2' title="bbox 219 1214 254 1245">
     <span class='ocr_line' id='line_1_2' title="bbox 219 1214 254 1245; baseline 0.057 -2"><span class='ocrx_word' id='word_1_2' title='bbox 219 1214 254 1245; x_wconf 71' lang='lat'>15</span> 
     </span>
    </p>
   </div>
   <div class='ocr_carea' id='block_1_3' title="bbox 217 2084 258 2114">
    <p class='ocr_par' dir='ltr' id='par_1_3' title="bbox 217 2084 258 2114">
     <span class='ocr_line' id='line_1_3' title="bbox 217 2084 258 2114; baseline 0.024 -3"><span class='ocrx_word' id='word_1_3' title='bbox 217 2084 258 2114; x_wconf 60' lang='lat'>&#39;3&#39;0</span> 
     </span>
    </p>
   </div>
   <div class='ocr_carea' id='block_1_4' title="bbox 756 291 1095 323">
    <p class='ocr_par' dir='ltr' id='par_1_4' title="bbox 756 291 1095 323">
     <span class='ocr_line' id='line_1_4' title="bbox 756 291 1095 323; baseline -0.003 -1"><span class='ocrx_word' id='word_1_4' title='bbox 756 291 1095 323; x_wconf 70' lang='lat' dir='ltr'>ARGUMENTUM.</span> 
     </span>
    </p>
   </div>
   <div class='ocr_carea' id='block_1_5' title="bbox 271 397 1587 1785">
    <p class='ocr_par' dir='ltr' id='par_1_5' title="bbox 271 397 1584 911">
     <span class='ocr_line' id='line_1_5' title="bbox 273 397 1582 446; baseline -0.001 -12"><span class='ocrx_word' id='word_1_5' title='bbox 273 399 460 446; x_wconf 81' lang='lat' dir='ltr'>plicando</span> <span class='ocrx_word' id='word_1_6' title='bbox 494 398 559 434; x_wconf 80' lang='lat' dir='ltr'>ubi</span> <span class='ocrx_word' id='word_1_7' title='bbox 590 399 766 434; x_wconf 80' lang='lat' dir='ltr'>declarat</span> <span class='ocrx_word' id='word_1_8' title='bbox 790 399 915 445; x_wconf 80' lang='lat' dir='ltr'>legem</span> <span class='ocrx_word' id='word_1_9' title='bbox 943 397 1137 434; x_wconf 81' lang='lat' dir='ltr'>Bonifacii</span> <span class='ocrx_word' id='word_1_10' title='bbox 1162 399 1243 433; x_wconf 87' lang='lat' dir='ltr'>V111</span> <span class='ocrx_word' id='word_1_11' title='bbox 1271 399 1318 433; x_wconf 88' lang='lat' dir='ltr'>de</span> <span class='ocrx_word' id='word_1_12' title='bbox 1343 398 1582 445; x_wconf 83' lang='lat' dir='ltr'>presidendo</span> 
     </span>
     <span class='ocr_line' id='line_1_6' title="bbox 273 455 1582 501; baseline -0.002 -8"><span class='ocrx_word' id='word_1_13' title='bbox 273 456 564 494; x_wconf 86' lang='lat' dir='ltr'>ecclesiasticos</span> <span class='ocrx_word' id='word_1_14' title='bbox 598 469 683 493; x_wconf 85' lang='lat' dir='ltr'>esse</span> <span class='ocrx_word' id='word_1_15' title='bbox 717 455 955 501; x_wconf 78' lang='lat' dir='ltr'>hereticam3</span> <span class='ocrx_word' id='word_1_16' title='bbox 990 455 1114 492; x_wconf 89' lang='lat' dir='ltr'>tercio</span> <span class='ocrx_word' id='word_1_17' title='bbox 1148 455 1376 492; x_wconf 88' lang='lat' dir='ltr'>inordinate</span> <span class='ocrx_word' id='word_1_18' title='bbox 1410 456 1582 492; x_wconf 73' lang='lat' dir='ltr'>volendo</span> 
     </span>
     <span class='ocr_line' id='line_1_7' title="bbox 272 513 1582 562; baseline 0 -12"><span class='ocrx_word' id='word_1_19' title='bbox 272 515 463 562; x_wconf 86' lang='lat' dir='ltr'>preficere</span> <span class='ocrx_word' id='word_1_20' title='bbox 493 514 622 551; x_wconf 88' lang='lat' dir='ltr'>minus</span> <span class='ocrx_word' id='word_1_21' title='bbox 650 516 825 562; x_wconf 80' lang='lat' dir='ltr'>ydoneos</span> <span class='ocrx_word' id='word_1_22' title='bbox 849 522 1012 561; x_wconf 89' lang='lat' dir='ltr'>propter</span> <span class='ocrx_word' id='word_1_23' title='bbox 1045 514 1198 549; x_wconf 89' lang='lat' dir='ltr'>lucrum</span> <span class='ocrx_word' id='word_1_24' title='bbox 1237 522 1273 550; x_wconf 88' lang='lat' dir='ltr'>et</span> <span class='ocrx_word' id='word_1_25' title='bbox 1315 513 1430 550; x_wconf 85' lang='lat' dir='ltr'>solvit</span> <span class='ocrx_word' id='word_1_26' title='bbox 1470 527 1582 562; x_wconf 80' lang='lat' dir='ltr'>argu·</span> 
     </span>
     <span class='ocr_line' id='line_1_8' title="bbox 274 571 1582 620; baseline -0.001 -11"><span class='ocrx_word' id='word_1_27' title='bbox 274 582 466 609; x_wconf 89' lang='lat' dir='ltr'>mentum.</span> <span class='ocrx_word' id='word_1_28' title='bbox 503 575 656 619; x_wconf 86' lang='lat' dir='ltr'>Quarto</span> <span class='ocrx_word' id='word_1_29' title='bbox 690 574 880 608; x_wconf 77' lang='lat' dir='ltr'>suadetur</span> <span class='ocrx_word' id='word_1_30' title='bbox 914 584 1017 619; x_wconf 87' lang='lat' dir='ltr'>pape</span> <span class='ocrx_word' id='word_1_31' title='bbox 1050 571 1168 607; x_wconf 91' lang='lat' dir='ltr'>licere</span> <span class='ocrx_word' id='word_1_32' title='bbox 1203 571 1366 608; x_wconf 78' lang='lat' dir='ltr'>racione</span> <span class='ocrx_word' id='word_1_33' title='bbox 1400 572 1582 620; x_wconf 84' lang='lat' dir='ltr'>capitalis</span> 
     </span>
     <span class='ocr_line' id='line_1_9' title="bbox 273 630 1583 680; baseline -0.001 -13"><span class='ocrx_word' id='word_1_34' title='bbox 273 631 441 667; x_wconf 87' lang='lat' dir='ltr'>dominii</span> <span class='ocrx_word' id='word_1_35' title='bbox 483 633 591 680; x_wconf 88' lang='lat' dir='ltr'>quod</span> <span class='ocrx_word' id='word_1_36' title='bbox 637 634 741 667; x_wconf 82' lang='lat' dir='ltr'>bona</span> <span class='ocrx_word' id='word_1_37' title='bbox 786 630 951 667; x_wconf 77' lang='lat' dir='ltr'>ecclesie</span> <span class='ocrx_word' id='word_1_38' title='bbox 996 631 1367 678; x_wconf 84' lang='lat' dir='ltr'>quomodocunque</span> <span class='ocrx_word' id='word_1_39' title='bbox 1412 631 1583 667; x_wconf 68' lang='lat' dir='ltr'>voluerit</span> 
     </span>
     <span class='ocr_line' id='line_1_10' title="bbox 271 687 1584 737; baseline 0 -12"><span class='ocrx_word' id='word_1_40' title='bbox 271 688 484 737; x_wconf 90' lang='lat' dir='ltr'>dispertiri.</span> <span class='ocrx_word' id='word_1_41' title='bbox 520 689 695 726; x_wconf 82' lang='lat' dir='ltr'>Ulterius</span> <span class='ocrx_word' id='word_1_42' title='bbox 719 690 862 736; x_wconf 89' lang='lat' dir='ltr'>probat</span> <span class='ocrx_word' id='word_1_43' title='bbox 895 687 1106 735; x_wconf 74' lang='lat' dir='ltr'>tripliciter</span> <span class='ocrx_word' id='word_1_44' title='bbox 1130 689 1237 736; x_wconf 90' lang='lat' dir='ltr'>quod</span> <span class='ocrx_word' id='word_1_45' title='bbox 1268 690 1317 724; x_wconf 89' lang='lat' dir='ltr'>ad</span> <span class='ocrx_word' id='word_1_46' title='bbox 1343 701 1465 736; x_wconf 66' lang='lat' dir='ltr'>reges,</span> <span class='ocrx_word' id='word_1_47' title='bbox 1503 701 1584 725; x_wconf 91' lang='lat' dir='ltr'>non</span> 
     </span>
     <span class='ocr_line' id='line_1_11' title="bbox 272 746 1584 796; baseline -0.001 -12"><span class='ocrx_word' id='word_1_48' title='bbox 272 748 322 784; x_wconf 89' lang='lat' dir='ltr'>ad</span> <span class='ocrx_word' id='word_1_49' title='bbox 354 760 500 796; x_wconf 88' lang='lat' dir='ltr'>papam</span> <span class='ocrx_word' id='word_1_50' title='bbox 534 747 706 796; x_wconf 87' lang='lat' dir='ltr'>pertinet</span> <span class='ocrx_word' id='word_1_51' title='bbox 740 747 921 783; x_wconf 89' lang='lat' dir='ltr'>conferre</span> <span class='ocrx_word' id='word_1_52' title='bbox 946 758 1159 793; x_wconf 68' lang='lat' dir='ltr'>regnorum</span> <span class='ocrx_word' id='word_1_53' title='bbox 1181 746 1375 783; x_wconf 80' lang='lat' dir='ltr'>beneficia</span> <span class='ocrx_word' id='word_1_54' title='bbox 1400 756 1436 782; x_wconf 91' lang='lat' dir='ltr'>et</span> <span class='ocrx_word' id='word_1_55' title='bbox 1460 746 1584 784; x_wconf 92' lang='lat' dir='ltr'>obicit</span> 
     </span>
     <span class='ocr_line' id='line_1_12' title="bbox 272 803 1582 853; baseline 0 -12"><span class='ocrx_word' id='word_1_56' title='bbox 272 817 342 853; x_wconf 86' lang='lat' dir='ltr'>per</span> <span class='ocrx_word' id='word_1_57' title='bbox 391 806 518 853; x_wconf 77' lang='lat' dir='ltr'>legem</span> <span class='ocrx_word' id='word_1_58' title='bbox 567 805 784 841; x_wconf 81' lang='lat' dir='ltr'>minantem</span> <span class='ocrx_word' id='word_1_59' title='bbox 831 803 1084 852; x_wconf 75' lang='lat' dir='ltr'>sacrilegium</span> <span class='ocrx_word' id='word_1_60' title='bbox 1134 813 1304 852; x_wconf 86' lang='lat' dir='ltr'>patrono</span> <span class='ocrx_word' id='word_1_61' title='bbox 1351 804 1582 841; x_wconf 76' lang='lat' dir='ltr'>dissolventi</span> 
     </span>
     <span class='ocr_line' id='line_1_13' title="bbox 272 862 1189 911; baseline 0.001 -12"><span class='ocrx_word' id='word_1_62' title='bbox 272 863 331 899; x_wconf 90' lang='lat' dir='ltr'>ius</span> <span class='ocrx_word' id='word_1_63' title='bbox 365 865 414 899; x_wconf 90' lang='lat' dir='ltr'>ad</span> <span class='ocrx_word' id='word_1_64' title='bbox 448 863 656 900; x_wconf 87' lang='lat' dir='ltr'>collaciam</span> <span class='ocrx_word' id='word_1_65' title='bbox 693 862 858 899; x_wconf 79' lang='lat' dir='ltr'>ecclesie</span> <span class='ocrx_word' id='word_1_66' title='bbox 892 871 928 899; x_wconf 93' lang='lat' dir='ltr'>et</span> <span class='ocrx_word' id='word_1_67' title='bbox 961 863 1189 911; x_wconf 84' lang='lat' dir='ltr'>respondet.</span> 
     </span>
    </p>

    <p class='ocr_par' dir='ltr' id='par_1_6' title="bbox 271 919 1587 1785">
     <span class='ocr_line' id='line_1_14' title="bbox 331 919 1582 970; baseline -0.001 -13"><span class='ocrx_word' id='word_1_68' title='bbox 331 921 562 969; x_wconf 76' lang='lat' dir='ltr'>Capitulum</span> <span class='ocrx_word' id='word_1_69' title='bbox 604 930 793 970; x_wconf 82' lang='lat' dir='ltr'>quartum</span> <span class='ocrx_word' id='word_1_70' title='bbox 834 922 979 969; x_wconf 88' lang='lat' dir='ltr'>probat</span> <span class='ocrx_word' id='word_1_71' title='bbox 1019 919 1230 969; x_wconf 85' lang='lat' dir='ltr'>tripliciter</span> <span class='ocrx_word' id='word_1_72' title='bbox 1264 922 1373 969; x_wconf 90' lang='lat' dir='ltr'>quod</span> <span class='ocrx_word' id='word_1_73' title='bbox 1407 921 1582 957; x_wconf 84' lang='lat' dir='ltr'>alienum</span> 
     </span>
     <span class='ocr_line' id='line_1_15' title="bbox 272 978 1584 1027; baseline 0 -11"><span class='ocrx_word' id='word_1_74' title='bbox 272 989 329 1015; x_wconf 88' lang='lat' dir='ltr'>est</span> <span class='ocrx_word' id='word_1_75' title='bbox 362 981 410 1016; x_wconf 87' lang='lat' dir='ltr'>ab</span> <span class='ocrx_word' id='word_1_76' title='bbox 444 980 579 1016; x_wconf 78' lang='lat' dir='ltr'>officio</span> <span class='ocrx_word' id='word_1_77' title='bbox 612 979 747 1027; x_wconf 88' lang='lat' dir='ltr'>papali</span> <span class='ocrx_word' id='word_1_78' title='bbox 781 979 1026 1016; x_wconf 88' lang='lat' dir='ltr'>constituere</span> <span class='ocrx_word' id='word_1_79' title='bbox 1051 979 1274 1027; x_wconf 79' lang='lat' dir='ltr'>prepositos</span> <span class='ocrx_word' id='word_1_80' title='bbox 1304 979 1432 1026; x_wconf 91' lang='lat' dir='ltr'>patrie</span> <span class='ocrx_word' id='word_1_81' title='bbox 1456 978 1584 1016; x_wconf 84' lang='lat' dir='ltr'>aliene</span> 
     </span>
     <span class='ocr_line' id='line_1_16' title="bbox 273 1036 1585 1086; baseline 0 -12"><span class='ocrx_word' id='word_1_82' title='bbox 273 1046 309 1073; x_wconf 89' lang='lat' dir='ltr'>et</span> <span class='ocrx_word' id='word_1_83' title='bbox 348 1039 495 1074; x_wconf 83' lang='lat' dir='ltr'>swadet</span> <span class='ocrx_word' id='word_1_84' title='bbox 535 1037 811 1086; x_wconf 89' lang='lat' dir='ltr'>multipliciter</span> <span class='ocrx_word' id='word_1_85' title='bbox 850 1039 956 1086; x_wconf 90' lang='lat' dir='ltr'>quod</span> <span class='ocrx_word' id='word_1_86' title='bbox 998 1039 1048 1074; x_wconf 86' lang='lat' dir='ltr'>ad</span> <span class='ocrx_word' id='word_1_87' title='bbox 1083 1050 1193 1085; x_wconf 83' lang='lat' dir='ltr'>reges</span> <span class='ocrx_word' id='word_1_88' title='bbox 1225 1036 1399 1085; x_wconf 87' lang='lat' dir='ltr'>pertinet</span> <span class='ocrx_word' id='word_1_89' title='bbox 1432 1037 1585 1085; x_wconf 88' lang='lat' dir='ltr'>specia-</span> 
     </span>
     <span class='ocr_line' id='line_1_17' title="bbox 271 1094 1582 1143; baseline 0 -12"><span class='ocrx_word' id='word_1_90' title='bbox 271 1095 360 1132; x_wconf 90' lang='lat' dir='ltr'>liter</span> <span class='ocrx_word' id='word_1_91' title='bbox 391 1096 561 1132; x_wconf 90' lang='lat' dir='ltr'>heresim</span> <span class='ocrx_word' id='word_1_92' title='bbox 587 1096 703 1133; x_wconf 90' lang='lat' dir='ltr'>istam</span> <span class='ocrx_word' id='word_1_93' title='bbox 730 1097 934 1132; x_wconf 89' lang='lat' dir='ltr'>destruere</span> <span class='ocrx_word' id='word_1_94' title='bbox 961 1104 997 1132; x_wconf 85' lang='lat' dir='ltr'>et</span> <span class='ocrx_word' id='word_1_95' title='bbox 1020 1095 1162 1132; x_wconf 84' lang='lat' dir='ltr'>recitat</span> <span class='ocrx_word' id='word_1_96' title='bbox 1185 1097 1359 1143; x_wconf 77' lang='lat' dir='ltr'>glossam</span> <span class='ocrx_word' id='word_1_97' title='bbox 1385 1094 1582 1132; x_wconf 88' lang='lat' dir='ltr'>dicentem</span> 
     </span>
     <span class='ocr_line' id='line_1_18' title="bbox 271 1153 1585 1203; baseline 0 -13"><span class='ocrx_word' id='word_1_98' title='bbox 271 1155 380 1202; x_wconf 89' lang='lat' dir='ltr'>quod</span> <span class='ocrx_word' id='word_1_99' title='bbox 413 1154 560 1191; x_wconf 85' lang='lat' dir='ltr'>sufficit</span> <span class='ocrx_word' id='word_1_100' title='bbox 594 1154 755 1191; x_wconf 91' lang='lat' dir='ltr'>elleccio</span> <span class='ocrx_word' id='word_1_101' title='bbox 792 1154 1009 1191; x_wconf 89' lang='lat' dir='ltr'>intrinseco</span> <span class='ocrx_word' id='word_1_102' title='bbox 1042 1155 1150 1203; x_wconf 91' lang='lat' dir='ltr'>quod</span> <span class='ocrx_word' id='word_1_103' title='bbox 1174 1153 1223 1189; x_wconf 88' lang='lat' dir='ltr'>sit</span> <span class='ocrx_word' id='word_1_104' title='bbox 1248 1155 1373 1190; x_wconf 88' lang='lat' dir='ltr'>bonus</span> <span class='ocrx_word' id='word_1_105' title='bbox 1398 1163 1434 1190; x_wconf 91' lang='lat' dir='ltr'>et</span> <span class='ocrx_word' id='word_1_106' title='bbox 1456 1154 1585 1201; x_wconf 76' lang='lat' dir='ltr'>arguit</span> 
     </span>
     <span class='ocr_line' id='line_1_19' title="bbox 272 1211 1584 1260; baseline 0.001 -13"><span class='ocrx_word' id='word_1_107' title='bbox 272 1211 456 1248; x_wconf 88' lang='lat' dir='ltr'>similiter</span> <span class='ocrx_word' id='word_1_108' title='bbox 479 1222 619 1249; x_wconf 86' lang='lat' dir='ltr'>contra</span> <span class='ocrx_word' id='word_1_109' title='bbox 643 1212 759 1257; x_wconf 81' lang='lat' dir='ltr'>illud3</span> <span class='ocrx_word' id='word_1_110' title='bbox 795 1222 884 1260; x_wconf 87' lang='lat' dir='ltr'>post</span> <span class='ocrx_word' id='word_1_111' title='bbox 917 1212 1039 1249; x_wconf 86' lang='lat' dir='ltr'>obicit</span> <span class='ocrx_word' id='word_1_112' title='bbox 1072 1211 1283 1260; x_wconf 85' lang='lat' dir='ltr'>tripliciter</span> <span class='ocrx_word' id='word_1_113' title='bbox 1315 1221 1352 1248; x_wconf 89' lang='lat' dir='ltr'>et</span> <span class='ocrx_word' id='word_1_114' title='bbox 1386 1212 1584 1254; x_wconf 73' lang='lat' dir='ltr'>dissolvit3</span> 
     </span>
     <span class='ocr_line' id='line_1_20' title="bbox 271 1269 1585 1319; baseline 0 -13"><span class='ocrx_word' id='word_1_115' title='bbox 271 1269 402 1318; x_wconf 90' lang='lat' dir='ltr'>primo</span> <span class='ocrx_word' id='word_1_116' title='bbox 426 1272 534 1319; x_wconf 89' lang='lat' dir='ltr'>quod</span> <span class='ocrx_word' id='word_1_117' title='bbox 559 1279 730 1307; x_wconf 82' lang='lat' dir='ltr'>cessaret</span> <span class='ocrx_word' id='word_1_118' title='bbox 760 1271 890 1307; x_wconf 83' lang='lat' dir='ltr'>omnis</span> <span class='ocrx_word' id='word_1_119' title='bbox 925 1270 1049 1306; x_wconf 74' lang='lat' dir='ltr'>civilis</span> <span class='ocrx_word' id='word_1_120' title='bbox 1083 1269 1231 1307; x_wconf 85' lang='lat' dir='ltr'>eleccio</span> <span class='ocrx_word' id='word_1_121' title='bbox 1265 1279 1302 1306; x_wconf 93' lang='lat' dir='ltr'>et</span> <span class='ocrx_word' id='word_1_122' title='bbox 1336 1269 1585 1318; x_wconf 84' lang='lat' dir='ltr'>distinguens</span> 
     </span>
     <span class='ocr_line' id='line_1_21' title="bbox 272 1328 1585 1376; baseline 0.001 -13"><span class='ocrx_word' id='word_1_123' title='bbox 272 1330 319 1364; x_wconf 90' lang='lat' dir='ltr'>de</span> <span class='ocrx_word' id='word_1_124' title='bbox 359 1328 576 1366; x_wconf 90' lang='lat' dir='ltr'>elleccione</span> <span class='ocrx_word' id='word_1_125' title='bbox 615 1329 798 1366; x_wconf 88' lang='lat' dir='ltr'>concedit</span> <span class='ocrx_word' id='word_1_126' title='bbox 832 1330 907 1365; x_wconf 91' lang='lat' dir='ltr'>hoc</span> <span class='ocrx_word' id='word_1_127' title='bbox 941 1329 1023 1365; x_wconf 91' lang='lat' dir='ltr'>fore</span> <span class='ocrx_word' id='word_1_128' title='bbox 1058 1328 1288 1376; x_wconf 73' lang='lat' dir='ltr'>expediens:</span> <span class='ocrx_word' id='word_1_129' title='bbox 1335 1329 1512 1365; x_wconf 87' lang='lat' dir='ltr'>secundo</span> <span class='ocrx_word' id='word_1_130' title='bbox 1546 1328 1585 1364; x_wconf 91' lang='lat' dir='ltr'>in</span> 
     </span>
     <span class='ocr_line' id='line_1_22' title="bbox 273 1386 1585 1436; baseline 0.001 -14"><span class='ocrx_word' id='word_1_131' title='bbox 273 1387 359 1431; x_wconf 83' lang='lat' dir='ltr'>hoc,</span> <span class='ocrx_word' id='word_1_132' title='bbox 409 1389 517 1436; x_wconf 87' lang='lat' dir='ltr'>quod</span> <span class='ocrx_word' id='word_1_133' title='bbox 562 1387 603 1423; x_wconf 89' lang='lat' dir='ltr'>in</span> <span class='ocrx_word' id='word_1_134' title='bbox 649 1387 759 1424; x_wconf 92' lang='lat' dir='ltr'>omni</span> <span class='ocrx_word' id='word_1_135' title='bbox 805 1387 1020 1424; x_wconf 89' lang='lat' dir='ltr'>elleccione</span> <span class='ocrx_word' id='word_1_136' title='bbox 1065 1386 1214 1423; x_wconf 83' lang='lat' dir='ltr'>sufficit</span> <span class='ocrx_word' id='word_1_137' title='bbox 1259 1388 1367 1435; x_wconf 88' lang='lat' dir='ltr'>quod</span> <span class='ocrx_word' id='word_1_138' title='bbox 1414 1399 1585 1435; x_wconf 86' lang='lat' dir='ltr'>persona</span> 
     </span>
     <span class='ocr_line' id='line_1_23' title="bbox 273 1445 1587 1494; baseline 0.001 -14"><span class='ocrx_word' id='word_1_139' title='bbox 273 1445 397 1481; x_wconf 86' lang='lat' dir='ltr'>electa</span> <span class='ocrx_word' id='word_1_140' title='bbox 435 1445 485 1481; x_wconf 88' lang='lat' dir='ltr'>sit</span> <span class='ocrx_word' id='word_1_141' title='bbox 525 1445 667 1482; x_wconf 89' lang='lat' dir='ltr'>habilis</span> <span class='ocrx_word' id='word_1_142' title='bbox 706 1454 743 1482; x_wconf 92' lang='lat' dir='ltr'>et</span> <span class='ocrx_word' id='word_1_143' title='bbox 782 1447 999 1494; x_wconf 84' lang='lat' dir='ltr'>respondet</span> <span class='ocrx_word' id='word_1_144' title='bbox 1039 1445 1208 1481; x_wconf 89' lang='lat' dir='ltr'>dicendo</span> <span class='ocrx_word' id='word_1_145' title='bbox 1247 1446 1352 1493; x_wconf 85' lang='lat' dir='ltr'>quod</span> <span class='ocrx_word' id='word_1_146' title='bbox 1388 1454 1587 1493; x_wconf 81' lang='lat' dir='ltr'>repugnat</span> 
     </span>
     <span class='ocr_line' id='line_1_24' title="bbox 274 1503 1583 1552; baseline 0.001 -14"><span class='ocrx_word' id='word_1_147' title='bbox 274 1503 418 1539; x_wconf 87' lang='lat' dir='ltr'>multos</span> <span class='ocrx_word' id='word_1_148' title='bbox 451 1517 521 1552; x_wconf 86' lang='lat' dir='ltr'>per</span> <span class='ocrx_word' id='word_1_149' title='bbox 553 1505 676 1540; x_wconf 87' lang='lat' dir='ltr'>semel</span> <span class='ocrx_word' id='word_1_150' title='bbox 710 1513 746 1541; x_wconf 92' lang='lat' dir='ltr'>et</span> <span class='ocrx_word' id='word_1_151' title='bbox 779 1504 898 1540; x_wconf 88' lang='lat' dir='ltr'>simul</span> <span class='ocrx_word' id='word_1_152' title='bbox 921 1516 1004 1540; x_wconf 89' lang='lat' dir='ltr'>esse</span> <span class='ocrx_word' id='word_1_153' title='bbox 1029 1503 1180 1540; x_wconf 87' lang='lat' dir='ltr'>habiles</span> <span class='ocrx_word' id='word_1_154' title='bbox 1203 1504 1252 1539; x_wconf 91' lang='lat' dir='ltr'>ad</span> <span class='ocrx_word' id='word_1_155' title='bbox 1276 1503 1382 1540; x_wconf 91' lang='lat' dir='ltr'>idem</span> <span class='ocrx_word' id='word_1_156' title='bbox 1407 1503 1583 1540; x_wconf 84' lang='lat' dir='ltr'>officium</span> 
     </span>
     <span class='ocr_line' id='line_1_25' title="bbox 272 1560 1586 1611; baseline 0.002 -15"><span class='ocrx_word' id='word_1_157' title='bbox 272 1560 492 1609; x_wconf 73' lang='lat' dir='ltr'>singulare3</span> <span class='ocrx_word' id='word_1_158' title='bbox 526 1562 652 1599; x_wconf 89' lang='lat' dir='ltr'>tercio</span> <span class='ocrx_word' id='word_1_159' title='bbox 682 1575 754 1611; x_wconf 88' lang='lat' dir='ltr'>per</span> <span class='ocrx_word' id='word_1_160' title='bbox 787 1563 861 1598; x_wconf 90' lang='lat' dir='ltr'>hoc</span> <span class='ocrx_word' id='word_1_161' title='bbox 896 1564 1003 1610; x_wconf 88' lang='lat' dir='ltr'>quod</span> <span class='ocrx_word' id='word_1_162' title='bbox 1038 1561 1076 1597; x_wconf 92' lang='lat' dir='ltr'>in</span> <span class='ocrx_word' id='word_1_163' title='bbox 1110 1563 1195 1609; x_wconf 84' lang='lat' dir='ltr'>lege</span> <span class='ocrx_word' id='word_1_164' title='bbox 1217 1561 1338 1598; x_wconf 78' lang='lat' dir='ltr'>veteri</span> <span class='ocrx_word' id='word_1_165' title='bbox 1364 1561 1586 1609; x_wconf 85' lang='lat' dir='ltr'>eligebatur</span> 
     </span>
     <span class='ocr_line' id='line_1_26' title="bbox 273 1619 1582 1667; baseline 0 -12"><span class='ocrx_word' id='word_1_166' title='bbox 273 1632 453 1656; x_wconf 88' lang='lat' dir='ltr'>summus</span> <span class='ocrx_word' id='word_1_167' title='bbox 505 1621 694 1657; x_wconf 83' lang='lat' dir='ltr'>sacerdos</span> <span class='ocrx_word' id='word_1_168' title='bbox 747 1620 785 1656; x_wconf 88' lang='lat' dir='ltr'>in</span> <span class='ocrx_word' id='word_1_169' title='bbox 831 1621 972 1656; x_wconf 84' lang='lat' dir='ltr'>ducem</span> <span class='ocrx_word' id='word_1_170' title='bbox 1020 1619 1172 1667; x_wconf 86' lang='lat' dir='ltr'>populi,</span> <span class='ocrx_word' id='word_1_171' title='bbox 1224 1632 1317 1667; x_wconf 75' lang='lat' dir='ltr'>ergo</span> <span class='ocrx_word' id='word_1_172' title='bbox 1364 1632 1434 1667; x_wconf 89' lang='lat' dir='ltr'>per</span> <span class='ocrx_word' id='word_1_173' title='bbox 1477 1619 1582 1656; x_wconf 88' lang='lat' dir='ltr'>idem</span> 
     </span>
     <span class='ocr_line' id='line_1_27' title="bbox 273 1678 1586 1727; baseline 0.001 -14"><span class='ocrx_word' id='word_1_174' title='bbox 273 1687 440 1725; x_wconf 85' lang='lat' dir='ltr'>apparet</span> <span class='ocrx_word' id='word_1_175' title='bbox 484 1678 523 1714; x_wconf 90' lang='lat' dir='ltr'>in</span> <span class='ocrx_word' id='word_1_176' title='bbox 570 1691 672 1715; x_wconf 80' lang='lat' dir='ltr'>nova</span> <span class='ocrx_word' id='word_1_177' title='bbox 719 1679 803 1727; x_wconf 81' lang='lat' dir='ltr'>lege</span> <span class='ocrx_word' id='word_1_178' title='bbox 842 1691 988 1726; x_wconf 89' lang='lat' dir='ltr'>papam</span> <span class='ocrx_word' id='word_1_179' title='bbox 1030 1678 1120 1726; x_wconf 76' lang='lat' dir='ltr'>eligi</span> <span class='ocrx_word' id='word_1_180' title='bbox 1161 1687 1197 1714; x_wconf 90' lang='lat' dir='ltr'>et</span> <span class='ocrx_word' id='word_1_181' title='bbox 1237 1679 1454 1726; x_wconf 86' lang='lat' dir='ltr'>respondet</span> <span class='ocrx_word' id='word_1_182' title='bbox 1493 1691 1586 1714; x_wconf 92' lang='lat' dir='ltr'>con-</span> 
     </span>
     <span class='ocr_line' id='line_1_28' title="bbox 273 1736 1584 1785; baseline 0.001 -14"><span class='ocrx_word' id='word_1_183' title='bbox 273 1736 451 1773; x_wconf 88' lang='lat' dir='ltr'>cedendo</span> <span class='ocrx_word' id='word_1_184' title='bbox 491 1739 599 1784; x_wconf 89' lang='lat' dir='ltr'>quod</span> <span class='ocrx_word' id='word_1_185' title='bbox 634 1736 814 1773; x_wconf 86' lang='lat' dir='ltr'>Christus</span> <span class='ocrx_word' id='word_1_186' title='bbox 849 1746 906 1773; x_wconf 88' lang='lat' dir='ltr'>est</span> <span class='ocrx_word' id='word_1_187' title='bbox 938 1736 1004 1773; x_wconf 86' lang='lat' dir='ltr'>ille</span> <span class='ocrx_word' id='word_1_188' title='bbox 1036 1749 1152 1785; x_wconf 90' lang='lat' dir='ltr'>quem</span> <span class='ocrx_word' id='word_1_189' title='bbox 1189 1736 1336 1772; x_wconf 85' lang='lat' dir='ltr'>sufficit</span> <span class='ocrx_word' id='word_1_190' title='bbox 1368 1736 1514 1773; x_wconf 84' lang='lat' dir='ltr'>habere</span> <span class='ocrx_word' id='word_1_191' title='bbox 1547 1736 1584 1772; x_wconf 89' lang='lat' dir='ltr'>in</span> 
     </span>
    </p>
   </div>
   <div class='ocr_carea' id='block_1_6' title="bbox 216 1794 1487 1844">
    <p class='ocr_par' dir='ltr' id='par_1_7' title="bbox 216 1794 1487 1844">
     <span class='ocr_line' id='line_1_29' title="bbox 216 1794 1487 1844; baseline 0.001 -15"><span class='ocrx_word' id='word_1_192' title='bbox 216 1802 230 1822; x_wconf 80' lang='lat'>2</span> <span class='ocrx_word' id='word_1_193' title='bbox 273 1806 419 1842; x_wconf 89' lang='lat' dir='ltr'>papam</span> <span class='ocrx_word' id='word_1_194' title='bbox 455 1794 569 1832; x_wconf 89' lang='lat' dir='ltr'>cuius</span> <span class='ocrx_word' id='word_1_195' title='bbox 602 1795 810 1844; x_wconf 86' lang='lat' dir='ltr'>presencia</span> <span class='ocrx_word' id='word_1_196' title='bbox 846 1794 1013 1832; x_wconf 88' lang='lat' dir='ltr'>ecclesia</span> <span class='ocrx_word' id='word_1_197' title='bbox 1049 1803 1183 1831; x_wconf 87' lang='lat' dir='ltr'>manet</span> <span class='ocrx_word' id='word_1_198' title='bbox 1216 1795 1256 1830; x_wconf 88' lang='lat' dir='ltr'>in</span> <span class='ocrx_word' id='word_1_199' title='bbox 1291 1803 1487 1831; x_wconf 90' lang='lat' dir='ltr'>eternum.</span> 
     </span>
    </p>
   </div>
   <div class='ocr_carea' id='block_1_7' title="bbox 272 1852 1588 2368">
    <p class='ocr_par' dir='ltr' id='par_1_8' title="bbox 273 1852 1587 2074">
     <span class='ocr_line' id='line_1_30' title="bbox 331 1852 1586 1902; baseline 0.001 -14"><span class='ocrx_word' id='word_1_200' title='bbox 331 1852 564 1901; x_wconf 87' lang='lat' dir='ltr'>Capitulum</span> <span class='ocrx_word' id='word_1_201' title='bbox 601 1853 785 1902; x_wconf 90' lang='lat' dir='ltr'>quintum</span> <span class='ocrx_word' id='word_1_202' title='bbox 821 1853 998 1890; x_wconf 88' lang='lat' dir='ltr'>declarat</span> <span class='ocrx_word' id='word_1_203' title='bbox 1031 1853 1061 1889; x_wconf 87' lang='lat' dir='ltr'>si</span> <span class='ocrx_word' id='word_1_204' title='bbox 1096 1865 1198 1902; x_wconf 87' lang='lat' dir='ltr'>pape</span> <span class='ocrx_word' id='word_1_205' title='bbox 1230 1852 1349 1889; x_wconf 88' lang='lat' dir='ltr'>liceat</span> <span class='ocrx_word' id='word_1_206' title='bbox 1383 1865 1586 1890; x_wconf 79' lang='lat' dir='ltr'>reservare</span> 
     </span>
     <span class='ocr_line' id='line_1_31' title="bbox 273 1909 1587 1960; baseline 0.002 -15"><span class='ocrx_word' id='word_1_207' title='bbox 273 1909 347 1946; x_wconf 89' lang='lat' dir='ltr'>sibi</span> <span class='ocrx_word' id='word_1_208' title='bbox 381 1910 532 1958; x_wconf 88' lang='lat' dir='ltr'>primos</span> <span class='ocrx_word' id='word_1_209' title='bbox 575 1912 725 1948; x_wconf 88' lang='lat' dir='ltr'>fructus</span> <span class='ocrx_word' id='word_1_210' title='bbox 760 1924 1025 1960; x_wconf 86' lang='lat' dir='ltr'>personarum</span> <span class='ocrx_word' id='word_1_211' title='bbox 1061 1924 1159 1960; x_wconf 86' lang='lat' dir='ltr'>quas</span> <span class='ocrx_word' id='word_1_212' title='bbox 1193 1921 1417 1960; x_wconf 78' lang='lat' dir='ltr'>promovet,</span> <span class='ocrx_word' id='word_1_213' title='bbox 1459 1910 1587 1959; x_wconf 85' lang='lat' dir='ltr'>arguit</span> 
     </span>
     <span class='ocr_line' id='line_1_32' title="bbox 275 1969 1587 2019; baseline 0.002 -16"><span class='ocrx_word' id='word_1_214' title='bbox 275 1980 351 2016; x_wconf 89' lang='lat' dir='ltr'>que</span> <span class='ocrx_word' id='word_1_215' title='bbox 383 1969 638 2017; x_wconf 88' lang='lat' dir='ltr'>octupliciter</span> <span class='ocrx_word' id='word_1_216' title='bbox 672 1972 721 2006; x_wconf 89' lang='lat' dir='ltr'>ad</span> <span class='ocrx_word' id='word_1_217' title='bbox 754 1969 980 2019; x_wconf 86' lang='lat' dir='ltr'>negativam</span> <span class='ocrx_word' id='word_1_218' title='bbox 1016 1969 1271 2018; x_wconf 86' lang='lat' dir='ltr'>excluditque</span> <span class='ocrx_word' id='word_1_219' title='bbox 1295 1978 1374 2006; x_wconf 86' lang='lat' dir='ltr'>tres</span> <span class='ocrx_word' id='word_1_220' title='bbox 1400 1969 1587 2007; x_wconf 87' lang='lat' dir='ltr'>ficciones</span> 
     </span>
     <span class='ocr_line' id='line_1_33' title="bbox 273 2026 1280 2074; baseline 0.001 -12"><span class='ocrx_word' id='word_1_221' title='bbox 273 2026 417 2074; x_wconf 86' lang='lat' dir='ltr'>quibus</span> <span class='ocrx_word' id='word_1_222' title='bbox 451 2027 733 2065; x_wconf 71' lang='lat' dir='ltr'>affirmativum</span> <span class='ocrx_word' id='word_1_223' title='bbox 770 2028 1025 2065; x_wconf 87' lang='lat' dir='ltr'>mendacium</span> <span class='ocrx_word' id='word_1_224' title='bbox 1063 2029 1280 2064; x_wconf 83' lang='lat' dir='ltr'>coloratur.</span> 
     </span>
    </p>

    <p class='ocr_par' dir='ltr' id='par_1_9' title="bbox 272 2085 1588 2368">
     <span class='ocr_line' id='line_1_34' title="bbox 332 2085 1588 2134; baseline 0.001 -13"><span class='ocrx_word' id='word_1_225' title='bbox 332 2085 563 2133; x_wconf 86' lang='lat' dir='ltr'>Capitulum</span> <span class='ocrx_word' id='word_1_226' title='bbox 597 2095 749 2123; x_wconf 82' lang='lat' dir='ltr'>sextum</span> <span class='ocrx_word' id='word_1_227' title='bbox 783 2087 960 2124; x_wconf 88' lang='lat' dir='ltr'>declarat</span> <span class='ocrx_word' id='word_1_228' title='bbox 994 2088 1199 2134; x_wconf 86' lang='lat' dir='ltr'>quomodo</span> <span class='ocrx_word' id='word_1_229' title='bbox 1224 2085 1435 2134; x_wconf 84' lang='lat' dir='ltr'>episcopus</span> <span class='ocrx_word' id='word_1_230' title='bbox 1458 2094 1588 2134; x_wconf 85' lang='lat' dir='ltr'>potest</span> 
     </span>
     <span class='ocr_line' id='line_1_35' title="bbox 274 2144 1586 2194; baseline 0.002 -16"><span class='ocrx_word' id='word_1_231' title='bbox 274 2155 355 2179; x_wconf 87' lang='lat' dir='ltr'>esse</span> <span class='ocrx_word' id='word_1_232' title='bbox 396 2144 653 2191; x_wconf 69' lang='lat' dir='ltr'>symoniacus</span> <span class='ocrx_word' id='word_1_233' title='bbox 693 2144 732 2181; x_wconf 89' lang='lat' dir='ltr'>in</span> <span class='ocrx_word' id='word_1_234' title='bbox 773 2145 966 2194; x_wconf 74' lang='lat' dir='ltr'>ingressu,</span> <span class='ocrx_word' id='word_1_235' title='bbox 1014 2145 1052 2180; x_wconf 88' lang='lat' dir='ltr'>in</span> <span class='ocrx_word' id='word_1_236' title='bbox 1095 2157 1309 2193; x_wconf 78' lang='lat' dir='ltr'>progressu</span> <span class='ocrx_word' id='word_1_237' title='bbox 1343 2153 1379 2181; x_wconf 90' lang='lat' dir='ltr'>et</span> <span class='ocrx_word' id='word_1_238' title='bbox 1413 2157 1586 2192; x_wconf 84' lang='lat' dir='ltr'>egressu.</span> 
     </span>
     <span class='ocr_line' id='line_1_36' title="bbox 274 2201 1588 2251; baseline 0.002 -15"><span class='ocrx_word' id='word_1_239' title='bbox 274 2202 314 2237; x_wconf 88' lang='lat' dir='ltr'>In</span> <span class='ocrx_word' id='word_1_240' title='bbox 347 2201 528 2249; x_wconf 85' lang='lat' dir='ltr'>ingressu</span> <span class='ocrx_word' id='word_1_241' title='bbox 561 2202 774 2251; x_wconf 89' lang='lat' dir='ltr'>tripliciter</span> <span class='ocrx_word' id='word_1_242' title='bbox 807 2205 1026 2240; x_wconf 86' lang='lat' dir='ltr'>secundum</span> <span class='ocrx_word' id='word_1_243' title='bbox 1063 2212 1140 2239; x_wconf 88' lang='lat' dir='ltr'>tres</span> <span class='ocrx_word' id='word_1_244' title='bbox 1176 2204 1316 2239; x_wconf 90' lang='lat' dir='ltr'>modos</span> <span class='ocrx_word' id='word_1_245' title='bbox 1339 2202 1510 2239; x_wconf 70' lang='lat' dir='ltr'>vivendi.</span> <span class='ocrx_word' id='word_1_246' title='bbox 1546 2204 1588 2239; x_wconf 93' lang='lat' dir='ltr'>In</span> 
     </span>
     <span class='ocr_line' id='line_1_37' title="bbox 272 2260 1587 2310; baseline 0.002 -15"><span class='ocrx_word' id='word_1_247' title='bbox 272 2272 487 2307; x_wconf 83' lang='lat' dir='ltr'>progressu</span> <span class='ocrx_word' id='word_1_248' title='bbox 520 2260 751 2309; x_wconf 88' lang='lat' dir='ltr'>tripliciter:</span> <span class='ocrx_word' id='word_1_249' title='bbox 793 2263 925 2309; x_wconf 85' lang='lat' dir='ltr'>primo</span> <span class='ocrx_word' id='word_1_250' title='bbox 959 2261 998 2297; x_wconf 89' lang='lat' dir='ltr'>in</span> <span class='ocrx_word' id='word_1_251' title='bbox 1032 2261 1206 2298; x_wconf 87' lang='lat' dir='ltr'>ociando</span> <span class='ocrx_word' id='word_1_252' title='bbox 1240 2274 1318 2309; x_wconf 87' lang='lat' dir='ltr'>quo</span> <span class='ocrx_word' id='word_1_253' title='bbox 1352 2262 1401 2297; x_wconf 88' lang='lat' dir='ltr'>ad</span> <span class='ocrx_word' id='word_1_254' title='bbox 1436 2261 1587 2310; x_wconf 88' lang='lat' dir='ltr'>episco-</span> 
     </span>
     <span class='ocr_line' id='line_1_38' title="bbox 274 2318 1587 2368; baseline 0.002 -15"><span class='ocrx_word' id='word_1_255' title='bbox 274 2318 363 2365; x_wconf 88' lang='lat' dir='ltr'>pale</span> <span class='ocrx_word' id='word_1_256' title='bbox 401 2318 602 2366; x_wconf 82' lang='lat' dir='ltr'>officium3</span> <span class='ocrx_word' id='word_1_257' title='bbox 649 2322 826 2356; x_wconf 87' lang='lat' dir='ltr'>secundo</span> <span class='ocrx_word' id='word_1_258' title='bbox 866 2320 904 2356; x_wconf 91' lang='lat' dir='ltr'>in</span> <span class='ocrx_word' id='word_1_259' title='bbox 945 2321 1206 2368; x_wconf 76' lang='lat' dir='ltr'>expendendo</span> <span class='ocrx_word' id='word_1_260' title='bbox 1240 2318 1451 2367; x_wconf 84' lang='lat' dir='ltr'>inprovide</span> <span class='ocrx_word' id='word_1_261' title='bbox 1483 2321 1587 2355; x_wconf 84' lang='lat' dir='ltr'>bona</span> 
     </span>
    </p>
   </div>
   <div class='ocr_carea' id='block_1_8' title="bbox 217 2374 1588 2427">
    <p class='ocr_par' dir='ltr' id='par_1_10' title="bbox 217 2374 1588 2427">
     <span class='ocr_line' id='line_1_39' title="bbox 217 2374 1588 2427; baseline 0.001 -16"><span class='ocrx_word' id='word_1_262' title='bbox 217 2374 249 2405; x_wconf 95' lang='grc'><em>3</em></span> <span class='ocrx_word' id='word_1_263' title='bbox 276 2388 499 2423; x_wconf 83' lang='lat' dir='ltr'>pauperum</span> <span class='ocrx_word' id='word_1_264' title='bbox 539 2386 577 2413; x_wconf 91' lang='lat' dir='ltr'>et</span> <span class='ocrx_word' id='word_1_265' title='bbox 610 2378 735 2415; x_wconf 87' lang='lat' dir='ltr'>tercio</span> <span class='ocrx_word' id='word_1_266' title='bbox 768 2377 808 2414; x_wconf 92' lang='lat' dir='ltr'>in</span> <span class='ocrx_word' id='word_1_267' title='bbox 843 2379 1118 2427; x_wconf 78' lang='lat' dir='ltr'>extorquendo</span> <span class='ocrx_word' id='word_1_268' title='bbox 1152 2377 1388 2426; x_wconf 87' lang='lat' dir='ltr'>peccuniam</span> <span class='ocrx_word' id='word_1_269' title='bbox 1422 2386 1588 2426; x_wconf 89' lang='lat' dir='ltr'>propter</span> 
     </span>
    </p>
   </div>
   <div class='ocr_carea' id='block_1_9' title="bbox 274 2433 1588 2601">
    <p class='ocr_par' dir='ltr' id='par_1_11' title="bbox 274 2433 1588 2601">
     <span class='ocr_line' id='line_1_40' title="bbox 274 2433 1588 2485; baseline 0.002 -16"><span class='ocrx_word' id='word_1_270' title='bbox 274 2433 482 2481; x_wconf 86' lang='lat' dir='ltr'>spirituale</span> <span class='ocrx_word' id='word_1_271' title='bbox 522 2435 808 2483; x_wconf 65' lang='lat' dir='ltr'>ministeriumg</span> <span class='ocrx_word' id='word_1_272' title='bbox 855 2446 891 2473; x_wconf 87' lang='lat' dir='ltr'>et</span> <span class='ocrx_word' id='word_1_273' title='bbox 936 2436 1058 2473; x_wconf 86' lang='lat' dir='ltr'>obicit</span> <span class='ocrx_word' id='word_1_274' title='bbox 1098 2436 1402 2485; x_wconf 84' lang='lat' dir='ltr'>quintupliciter</span> <span class='ocrx_word' id='word_1_275' title='bbox 1449 2444 1588 2473; x_wconf 88' lang='lat' dir='ltr'>contra</span> 
     </span>
     <span class='ocr_line' id='line_1_41' title="bbox 276 2493 1588 2543; baseline 0.002 -16"><span class='ocrx_word' id='word_1_276' title='bbox 276 2493 579 2530; x_wconf 89' lang='lat' dir='ltr'>excusacionem</span> <span class='ocrx_word' id='word_1_277' title='bbox 615 2494 903 2542; x_wconf 74' lang='lat' dir='ltr'>symoniacam.</span> <span class='ocrx_word' id='word_1_278' title='bbox 947 2508 1025 2543; x_wconf 89' lang='lat' dir='ltr'>qua</span> <span class='ocrx_word' id='word_1_279' title='bbox 1059 2494 1205 2531; x_wconf 88' lang='lat' dir='ltr'>dicitur</span> <span class='ocrx_word' id='word_1_280' title='bbox 1239 2495 1346 2543; x_wconf 87' lang='lat' dir='ltr'>quod</span> <span class='ocrx_word' id='word_1_281' title='bbox 1379 2494 1588 2542; x_wconf 86' lang='lat' dir='ltr'>spirituale</span> 
     </span>
     <span class='ocr_line' id='line_1_42' title="bbox 275 2551 1587 2601; baseline 0.001 -15"><span class='ocrx_word' id='word_1_282' title='bbox 275 2563 355 2586; x_wconf 88' lang='lat' dir='ltr'>non</span> <span class='ocrx_word' id='word_1_283' title='bbox 389 2551 586 2597; x_wconf 73' lang='lat' dir='ltr'>venditur,</span> <span class='ocrx_word' id='word_1_284' title='bbox 621 2554 688 2589; x_wconf 85' lang='lat' dir='ltr'>sed</span> <span class='ocrx_word' id='word_1_285' title='bbox 722 2553 836 2589; x_wconf 87' lang='lat' dir='ltr'>labor</span> <span class='ocrx_word' id='word_1_286' title='bbox 869 2552 1069 2601; x_wconf 86' lang='lat' dir='ltr'>spirituali</span> <span class='ocrx_word' id='word_1_287' title='bbox 1103 2565 1277 2589; x_wconf 80' lang='lat' dir='ltr'>annexus</span> <span class='ocrx_word' id='word_1_288' title='bbox 1312 2562 1348 2588; x_wconf 91' lang='lat' dir='ltr'>et</span> <span class='ocrx_word' id='word_1_289' title='bbox 1372 2553 1587 2601; x_wconf 88' lang='lat' dir='ltr'>respondet</span> 
     </span>
    </p>
   </div>
   <div class='ocr_carea' id='block_1_10' title="bbox 273 2745 1588 2955">
    <p class='ocr_par' dir='ltr' id='par_1_12' title="bbox 273 2745 1588 2955">
     <span class='ocr_line' id='line_1_43' title="bbox 343 2745 1586 2782; baseline -0.001 -9"><span class='ocrx_word' id='word_1_290' title='bbox 343 2754 356 2773; x_wconf 78' lang='lat'><strong>2</strong></span> <span class='ocrx_word' id='word_1_291' title='bbox 390 2747 496 2773; x_wconf 69' lang='lat' dir='ltr'>eccles.</span> <span class='ocrx_word' id='word_1_292' title='bbox 518 2754 575 2773; x_wconf 80' lang='lat' dir='ltr'>om.</span> <span class='ocrx_word' id='word_1_293' title='bbox 598 2746 626 2773; x_wconf 79' lang='lat' dir='ltr'>i:</span> <span class='ocrx_word' id='word_1_294' title='bbox 646 2746 682 2772; x_wconf 52' lang='lat' dir='ltr'>ilw.</span> <span class='ocrx_word' id='word_1_295' title='bbox 701 2747 804 2774; x_wconf 68' lang='lat' dir='ltr'>volens</span> <span class='ocrx_word' id='word_1_296' title='bbox 825 2755 844 2773; x_wconf 88' lang='lat'>1.</span> <span class='ocrx_word' id='word_1_297' title='bbox 900 2746 925 2774; x_wconf 81' lang='lat'>3.</span> <span class='ocrx_word' id='word_1_298' title='bbox 949 2747 1094 2782; x_wconf 74' lang='lat' dir='ltr'>proticcrc</span> <span class='ocrx_word' id='word_1_299' title='bbox 1109 2754 1167 2781; x_wconf 70' lang='lat' dir='ltr'>eg:</span> <span class='ocrx_word' id='word_1_300' title='bbox 1181 2746 1218 2772; x_wconf 78' lang='lat' dir='ltr'>ib.</span> <span class='ocrx_word' id='word_1_301' title='bbox 1236 2745 1379 2773; x_wconf 75' lang='lat' dir='ltr'>dissolxit</span> <span class='ocrx_word' id='word_1_302' title='bbox 1394 2754 1430 2772; x_wconf 77' lang='lat' dir='ltr'>cz.</span> <span class='ocrx_word' id='word_1_303' title='bbox 1487 2754 1515 2778; x_wconf 62' lang='lat'>4.</span> <span class='ocrx_word' id='word_1_304' title='bbox 1533 2754 1586 2780; x_wconf 78' lang='lat' dir='ltr'>po-</span> 
     </span>
     <span class='ocr_line' id='line_1_44' title="bbox 274 2779 1586 2816; baseline -0.002 -8"><span class='ocrx_word' id='word_1_305' title='bbox 274 2782 344 2816; x_wconf 78' lang='lat' dir='ltr'>pulo</span> <span class='ocrx_word' id='word_1_306' title='bbox 366 2789 390 2813; x_wconf 87' lang='lat' dir='ltr'>c,</span> <span class='ocrx_word' id='word_1_307' title='bbox 411 2781 478 2807; x_wconf 73' lang='lat' dir='ltr'>ead.</span> <span class='ocrx_word' id='word_1_308' title='bbox 500 2788 591 2808; x_wconf 85' lang='lat' dir='ltr'>manu</span> <span class='ocrx_word' id='word_1_309' title='bbox 612 2788 693 2808; x_wconf 83' lang='lat' dir='ltr'>corr.</span> <span class='ocrx_word' id='word_1_310' title='bbox 715 2781 746 2808; x_wconf 87' lang='lat' dir='ltr'>in</span> <span class='ocrx_word' id='word_1_311' title='bbox 768 2790 845 2816; x_wconf 83' lang='lat' dir='ltr'>pape</span> <span class='ocrx_word' id='word_1_312' title='bbox 865 2790 890 2808; x_wconf 86' lang='lat' dir='ltr'>e.</span> <span class='ocrx_word' id='word_1_313' title='bbox 980 2782 1004 2808; x_wconf 80' lang='lat'>5.</span> <span class='ocrx_word' id='word_1_314' title='bbox 1026 2780 1145 2808; x_wconf 87' lang='lat' dir='ltr'>domini</span> <span class='ocrx_word' id='word_1_315' title='bbox 1165 2779 1205 2816; x_wconf 71' lang='lat' dir='ltr'>qf.</span> <span class='ocrx_word' id='word_1_316' title='bbox 1293 2788 1334 2813; x_wconf 69' lang='lat'>14.</span> <span class='ocrx_word' id='word_1_317' title='bbox 1356 2781 1425 2807; x_wconf 74' lang='lat' dir='ltr'>sutf.</span> <span class='ocrx_word' id='word_1_318' title='bbox 1447 2781 1493 2808; x_wconf 75' lang='lat' dir='ltr'>cll.</span> <span class='ocrx_word' id='word_1_319' title='bbox 1516 2780 1586 2808; x_wconf 76' lang='lat' dir='ltr'>intr.</span> 
     </span>
     <span class='ocr_line' id='line_1_45' title="bbox 273 2815 1586 2851; baseline 0 -9"><span class='ocrx_word' id='word_1_320' title='bbox 273 2823 310 2843; x_wconf 69' lang='lat' dir='ltr'>ex</span> <span class='ocrx_word' id='word_1_321' title='bbox 331 2815 398 2843; x_wconf 74' lang='lat' dir='ltr'>suff.</span> <span class='ocrx_word' id='word_1_322' title='bbox 420 2815 449 2843; x_wconf 94' lang='lat' dir='ltr'>in</span> <span class='ocrx_word' id='word_1_323' title='bbox 471 2815 624 2843; x_wconf 84' lang='lat' dir='ltr'>eleccione</span> <span class='ocrx_word' id='word_1_324' title='bbox 645 2815 752 2850; x_wconf 85' lang='lat' dir='ltr'>prelati</span> <span class='ocrx_word' id='word_1_325' title='bbox 779 2816 944 2844; x_wconf 83' lang='lat' dir='ltr'>intrinseca</span> <span class='ocrx_word' id='word_1_326' title='bbox 970 2819 1107 2851; x_wconf 81' lang='lat' dir='ltr'>corrupt.</span> <span class='ocrx_word' id='word_1_327' title='bbox 1130 2824 1195 2842; x_wconf 76' lang='lat' dir='ltr'>esse</span> <span class='ocrx_word' id='word_1_328' title='bbox 1210 2823 1289 2851; x_wconf 74' lang='lat' dir='ltr'>pag.</span> <span class='ocrx_word' id='word_1_329' title='bbox 1310 2816 1354 2848; x_wconf 77' lang='grc'>45</span> <span class='ocrx_word' id='word_1_330' title='bbox 1376 2823 1402 2841; x_wconf 84' lang='grc' dir='ltr'>ν.</span> <span class='ocrx_word' id='word_1_331' title='bbox 1422 2822 1467 2850; x_wconf 75' lang='grc'>32</span> <span class='ocrx_word' id='word_1_332' title='bbox 1488 2815 1586 2842; x_wconf 76' lang='lat' dir='ltr'>docet.</span> 
     </span>
     <span class='ocr_line' id='line_1_46' title="bbox 273 2848 1588 2885; baseline 0.002 -9"><span class='ocrx_word' id='word_1_333' title='bbox 273 2851 314 2884; x_wconf 73' lang='lat'>25,</span> <span class='ocrx_word' id='word_1_334' title='bbox 336 2855 457 2877; x_wconf 80' lang='lat' dir='ltr'>maneat</span> <span class='ocrx_word' id='word_1_335' title='bbox 475 2850 531 2877; x_wconf 79' lang='lat' dir='ltr'>bei.</span> <span class='ocrx_word' id='word_1_336' title='bbox 603 2850 650 2877; x_wconf 78' lang='lat'>26.</span> <span class='ocrx_word' id='word_1_337' title='bbox 666 2849 785 2878; x_wconf 86' lang='lat' dir='ltr'>dubitat</span> <span class='ocrx_word' id='word_1_338' title='bbox 798 2858 839 2879; x_wconf 87' lang='lat' dir='ltr'>ce.</span> <span class='ocrx_word' id='word_1_339' title='bbox 913 2858 956 2885; x_wconf 85' lang='lat'>27.</span> <span class='ocrx_word' id='word_1_340' title='bbox 978 2850 1035 2878; x_wconf 87' lang='lat' dir='ltr'>sibi</span> <span class='ocrx_word' id='word_1_341' title='bbox 1050 2859 1108 2877; x_wconf 82' lang='lat' dir='ltr'>om.</span> <span class='ocrx_word' id='word_1_342' title='bbox 1124 2850 1179 2885; x_wconf 75' lang='lat' dir='ltr'>efi.</span> <span class='ocrx_word' id='word_1_343' title='bbox 1252 2850 1296 2878; x_wconf 81' lang='lat'>28.</span> <span class='ocrx_word' id='word_1_344' title='bbox 1313 2849 1512 2884; x_wconf 81' lang='lat' dir='ltr'>arguiturque</span> <span class='ocrx_word' id='word_1_345' title='bbox 1526 2848 1588 2885; x_wconf 66' lang='grc' dir='ltr'><strong>(ζῆ.-</strong></span> 
     </span>
     <span class='ocr_line' id='line_1_47' title="bbox 273 2884 1587 2921; baseline 0 -10"><span class='ocrx_word' id='word_1_346' title='bbox 273 2885 310 2912; x_wconf 80' lang='lat' dir='ltr'>ib.</span> <span class='ocrx_word' id='word_1_347' title='bbox 332 2885 369 2912; x_wconf 84' lang='lat' dir='ltr'>ad</span> <span class='ocrx_word' id='word_1_348' title='bbox 391 2892 448 2912; x_wconf 89' lang='lat' dir='ltr'>om.</span> <span class='ocrx_word' id='word_1_349' title='bbox 470 2893 511 2912; x_wconf 85' lang='lat' dir='ltr'>ce.</span> <span class='ocrx_word' id='word_1_350' title='bbox 612 2884 653 2912; x_wconf 65' lang='lat'>2³2.</span> <span class='ocrx_word' id='word_1_351' title='bbox 672 2893 733 2920; x_wconf 72' lang='lat' dir='ltr'>pro</span> <span class='ocrx_word' id='word_1_352' title='bbox 762 2885 884 2913; x_wconf 77' lang='lat' dir='ltr'>vivendi</span> <span class='ocrx_word' id='word_1_353' title='bbox 905 2885 934 2913; x_wconf 85' lang='lat' dir='ltr'>in</span> <span class='ocrx_word' id='word_1_354' title='bbox 956 2884 1035 2921; x_wconf 78' lang='lat' dir='ltr'>abes</span> <span class='ocrx_word' id='word_1_355' title='bbox 1047 2885 1191 2913; x_wconf 82' lang='lat' dir='ltr'>litterare</span> <span class='ocrx_word' id='word_1_356' title='bbox 1210 2885 1380 2919; x_wconf 81' lang='lat' dir='ltr'>complures</span> <span class='ocrx_word' id='word_1_357' title='bbox 1400 2892 1479 2920; x_wconf 74' lang='lat' dir='ltr'>quae</span> <span class='ocrx_word' id='word_1_358' title='bbox 1497 2892 1587 2912; x_wconf 71' lang='lat' dir='ltr'>sensu</span> 
     </span>
     <span class='ocr_line' id='line_1_48' title="bbox 273 2919 1585 2955; baseline -0.002 -8"><span class='ocrx_word' id='word_1_359' title='bbox 273 2922 389 2947; x_wconf 80' lang='lat' dir='ltr'>carent.</span> <span class='ocrx_word' id='word_1_360' title='bbox 408 2922 577 2955; x_wconf 80' lang='lat' dir='ltr'>ponuntur,</span> <span class='ocrx_word' id='word_1_361' title='bbox 598 2920 628 2946; x_wconf 82' lang='lat' dir='ltr'>in</span> <span class='ocrx_word' id='word_1_362' title='bbox 650 2928 664 2947; x_wconf 87' lang='lat' dir='ltr'>c</span> <span class='ocrx_word' id='word_1_363' title='bbox 683 2920 795 2947; x_wconf 72' lang='lat' dir='ltr'>lacuna</span> <span class='ocrx_word' id='word_1_364' title='bbox 816 2921 924 2948; x_wconf 78' lang='lat' dir='ltr'>relicta</span> <span class='ocrx_word' id='word_1_365' title='bbox 945 2923 1006 2952; x_wconf 55' lang='lat' dir='ltr'>esu·</span> <span class='ocrx_word' id='word_1_366' title='bbox 1027 2921 1057 2947; x_wconf 78' lang='lat' dir='ltr'>in</span> <span class='ocrx_word' id='word_1_367' title='bbox 1077 2928 1096 2947; x_wconf 78' lang='lat' dir='ltr'>a</span> <span class='ocrx_word' id='word_1_368' title='bbox 1118 2920 1182 2947; x_wconf 70' lang='lat' dir='ltr'>alia</span> <span class='ocrx_word' id='word_1_369' title='bbox 1198 2927 1306 2947; x_wconf 75' lang='lat' dir='ltr'>manus</span> <span class='ocrx_word' id='word_1_370' title='bbox 1320 2919 1443 2946; x_wconf 71' lang='lat' dir='ltr'>vivendi</span> <span class='ocrx_word' id='word_1_371' title='bbox 1452 2919 1585 2954; x_wconf 72' lang='lat' dir='ltr'>scripsit.</span> 
     </span>
    </p>
   </div>
   <div class='ocr_carea' id='block_1_11' title="bbox 1796 287 1866 328">
    <p class='ocr_par' dir='ltr' id='par_1_13' title="bbox 1796 287 1866 328">
     <span class='ocr_line' id='line_1_49' title="bbox 1796 287 1866 328; baseline 0 -12"><span class='ocrx_word' id='word_1_372' title='bbox 1796 287 1866 328; x_wconf 68' lang='lat'>¹¹7</span> 
     </span>
    </p>
   </div>
  </div>
 </body>
</html>
