2002 3359
160 330 209 360 «κς
880 322 1096 354 1ω11ΑκΝ18
1124 322 1307 354 variF
1588 311 1694 368 [eAr.
1716 320 1751 347 v.

448 440 585 478 torpor
619 430 875 466 dominorum
909 427 1149 465 secularium
1194 427 1244 464 sit
1277 428 1316 464 in
1355 440 1476 465 causa
1514 442 1638 478 quare
1676 438 1757 466 tam

447 488 643 536 gloriosus
675 487 825 524 fructus
850 495 887 524 et
909 485 1144 523 emendacio
1167 486 1330 523 ecclesie
1352 487 1591 535 retardatur,
1620 496 1760 536 potens

450 546 555 583 enim
589 544 848 583 antichristus
894 557 984 581 cum
1023 544 1104 581 suis
1144 543 1407 593 complicibus
1452 545 1546 582 facit
1580 547 1760 582 membra

449 618 521 642 sua
554 617 598 641 ex
629 602 892 652 permissione
923 602 985 640 dei
1021 603 1153 640 adhuc
1185 603 1425 640 sordescere.

165 683 346 710 manemus
368 682 425 708 and
508 661 683 700 Ulterius
714 660 845 698 omnis
877 660 1006 698 fidelis
1039 662 1219 698 horreret
1251 661 1408 698 hereses
1431 673 1508 710 que
1530 669 1622 698 sunt
1645 660 1796 698 bodies

163 717 434 779 Ῑῑῆζᾜζῑῖωζῑῃζῗ*
450 733 519 769 per
552 719 775 757 antichristi
814 718 1030 768 discipulos
1068 718 1226 768 publice
1266 718 1496 767 deffensate,
1528 728 1574 756 ut
1605 718 1763 768 publice

212 788 319 826 inqut-'5
341 796 388 826 05-
451 778 597 816 dicitur
630 779 897 827 dampnatum
930 790 953 815 a
985 776 1179 826 Gregorio
1210 778 1260 814 XI
1300 785 1495 826 tanquam
1529 776 1763 823 hereticum,

161 827 434 849 0⁰¹¹¹s¹¹¹¹¹³¹⁶²¹¹¹⁰¹¹'
451 838 558 886 quod
588 850 668 874 non
702 849 748 875 eo
780 835 867 885 ipso
890 837 999 885 quod
1022 848 1127 885 papa
1148 835 1394 884 pretenderit
1416 848 1457 873 se
1480 834 1620 885 quovis
1645 836 1764 872 modo

451 896 602 933 solvere
645 895 705 932 vel
742 894 878 943 ligare,
924 907 970 931 eo
1008 893 1095 943 ipso
1133 893 1189 931 sic
1227 892 1342 932 solvit
1378 894 1438 931 vel
1475 893 1585 942 ligat,
1624 901 1662 930 et
1700 892 1765 929 ille

450 953 614 991 indubie
651 955 720 1002 qui
758 961 891 1002 posset
928 954 1056 989 facere
1101 951 1330 1001 oppositum
1370 951 1475 989 illius
1519 950 1764 989 katholicum
1786 966 1824 987 10

452 1012 705 1049 extolleretur
748 1023 868 1060 super
920 1022 1039 1047 omne
1086 1011 1194 1059 quod
1246 1009 1391 1047 dicitur
1443 1011 1554 1057 deus,
1607 1018 1645 1047 et
1696 1021 1766 1057 per

452 1082 701 1118 consequens
723 1069 824 1106 foret
846 1068 1102 1117 omnipotens
1135 1066 1411 1113 antichristu53
1446 1067 1623 1116 episcopi
1646 1066 1767 1114 igitur

452 1128 520 1177 qui
568 1136 837 1177 procurarunt
882 1126 1112 1163 huiusmodi
1163 1125 1500 1174 dampnacionem
1555 1135 1592 1162 et
1635 1125 1766 1161 adhuc

452 1186 686 1223 deffendunt
708 1185 828 1222 tacite
850 1185 911 1222 vel
940 1196 1133 1233 expresse,
1167 1192 1259 1220 sunt
1288 1183 1451 1221 indubie
1484 1191 1767 1232 procuratores

453 1254 521 1282 aut
572 1245 752 1282 membra
803 1242 908 1279 illius
952 1242 1126 1279 hominis
1178 1241 1391 1278 maledicti.
1454 1243 1632 1289 Negatur
1676 1253 1768 1288 ergo
1789 1244 1824 1277 15

454 1312 663 1352 tamquam
704 1314 861 1339 summe
900 1300 1121 1338 hereticum
1156 1301 1263 1349 quod
1297 1312 1343 1337 eo
1376 1300 1463 1349 ipso
1496 1312 1576 1348 quo
1609 1311 1631 1336 a
1662 1310 1769 1346 papa

454 1370 614 1398 emanat
639 1361 888 1406 mandatum,
922 1368 980 1397 est
1003 1359 1133 1408 ipsum
1164 1357 1318 1395 licitum
1351 1367 1387 1396 et
1410 1357 1699 1406 perficiendum
1724 1369 1769 1392 ac

454 1433 545 1457 cum
580 1419 662 1456 eius
694 1417 880 1467 opposito
903 1417 1013 1466 prius
1045 1416 1184 1454 illicito
1206 1408 1493 1464 dispensatum.
1530 1414 1640 1452 Sicut
1663 1413 1767 1451 enim

456 1479 595 1515 Petrus
633 1490 712 1514 non
752 1475 883 1525 potuit
916 1475 1147 1524 dispensare
1180 1487 1271 1512 cum
1305 1475 1379 1512 levi
1411 1473 1556 1511 veniali
1589 1481 1768 1522 peccato,

455 1548 527 1585 pro
551 1548 632 1584 quo
656 1536 802 1572 Paulus
835 1534 876 1571 in
904 1533 1005 1571 facie
1036 1532 1110 1570 sibi
1143 1532 1299 1579 restitit,
1334 1541 1378 1569 ut
1408 1531 1574 1569 omnino
1607 1543 1687 1568 non
1721 1529 1771 1567 sit
1787 1546 1828 1567 20

455 1603 665 1643 peccatum
698 1592 759 1630 vel
796 1601 839 1629 ut
877 1592 926 1629 sit
963 1591 1132 1639 licitum,
1177 1591 1232 1629 sic
1276 1591 1409 1628 nullus
1453 1602 1556 1639 papa
1601 1600 1770 1637 sequens

456 1661 586 1700 potest
629 1653 756 1700 legem
800 1650 863 1687 dei
907 1651 955 1687 de
998 1649 1182 1698 symonia
1229 1650 1471 1695 subvertere,
1524 1660 1596 1685 nec
1641 1654 1771 1695 potest

457 1710 686 1759 dispensare
719 1721 810 1746 cum
844 1707 979 1757 aliquo
1011 1708 1059 1744 de
1091 1716 1453 1756 quantumcunque
1485 1706 1559 1743 levi
1591 1713 1769 1754 peccato,

457 1768 532 1805 nisi
573 1769 622 1805 de
659 1775 811 1816 quanto
859 1766 955 1803 deus
1001 1764 1110 1814 prius
1154 1765 1358 1814 dispensat
1401 1773 1439 1801 et
1485 1763 1568 1813 ipse
1601 1762 1771 1799 fideliter

458 1826 687 1874 promulgat
722 1824 980 1862 conformiter
1016 1823 1210 1861 voluntati
1250 1822 1392 1860 divine.
1437 1824 1515 1859 Tot
1544 1833 1637 1869 ergo
1680 1828 1771 1857 sunt
1812 1824 1826 1857 5

459 1883 704 1932 blasphemie
726 1882 920 1919 seminate
942 1883 989 1918 de
1011 1890 1209 1930 potestate
1240 1893 1357 1930 pape,
1391 1881 1498 1929 quod
1530 1888 1612 1916 tam
1646 1878 1772 1915 fidelis

458 1954 580 1991 quam
613 1941 783 1978 infidelis
816 1940 1035 1986 resisteret3
1068 1952 1141 1977 nec
1172 1949 1307 1976 tamen
1340 1937 1464 1976 nostri
1488 1936 1666 1986 episcopi
1699 1948 1772 1973 nec

459 2001 642 2037 doctores
703 2000 853 2036 audent
903 1998 944 2034 in
996 2010 1115 2035 causa
1167 1996 1313 2035 Christi
1366 1995 1653 2042 contradicere,
1704 1995 1772 2031 sed

460 2068 666 2107 tamquam
721 2069 839 2094 canes
892 2055 991 2092 muti
1048 2068 1130 2092 non
1179 2055 1356 2093 valentes
1407 2055 1556 2091 latrare
1608 2051 1773 2102 pusilla-

459 2116 623 2153 nimiter
655 2114 919 2152 consenciunt
951 2113 1172 2151 reticendo.
1225 2115 1274 2150 Et
1307 2113 1379 2150 hec
1413 2121 1472 2149 est
1504 2111 1614 2149 racio
1647 2121 1772 2160 quare
1789 2115 1831 2147 30

461 2173 581 2211 nimis
627 2186 772 2222 magna
818 2185 911 2221 pars
954 2180 1096 2209 vocate
1136 2171 1304 2208 ecclesie
1351 2178 1409 2207 est
1452 2169 1616 2207 infecta.
1668 2170 1771 2205 Nam

462 2232 607 2269 infecta
640 2230 776 2268 radice
804 2230 1039 2278 symoniaca
1069 2229 1267 2279 pravitate
1295 2240 1456 2266 necesse
1488 2235 1546 2265 est
1574 2238 1771 2264 venenum

462 2289 630 2326 diffundi
663 2300 734 2338 per
766 2296 897 2326 totum
930 2287 1123 2337 stipitem,
1156 2287 1250 2337 quia
1282 2285 1469 2336 quitquid
1501 2293 1636 2323 tantus
1659 2284 1772 2320 here-

462 2347 564 2384 ticus
625 2345 764 2383 fecerit
825 2354 884 2383 est
935 2354 1034 2395 aput
1086 2346 1205 2382 deum
1258 2343 1479 2382 hereticum
1533 2351 1570 2380 et
1623 2355 1644 2378 a
1687 2350 1772 2378 tota

462 2405 739 2453 triumphante
772 2402 940 2441 ecclesia
973 2402 1250 2441 maledictum.
1306 2403 1400 2439 Ideo
1432 2409 1476 2438 ut
1509 2400 1587 2437 dixi
1621 2400 1661 2436 in
1695 2399 1773 2436 fine
1790 2403 1829 2438 35

463 2470 658 2500 tractatus
702 2464 758 2498 De
795 2460 973 2499 Veritate
1022 2462 1143 2498 Sacre
1188 2459 1416 2514 ¹Scripture,
1469 2457 1670 2496 medicina
1715 2465 1774 2494 est

1788 1835 1803 1856 h.)

533 2585 557 2614 3.
579 2585 649 2614 fecit
668 2586 707 2614 bi.
761 2593 791 2624 4
813 2583 1053 2619 promissione
1041 2583 1081 2610 σι’.
1137 2591 1164 2618 7.
1182 2590 1243 2618 pro
1257 2583 1313 2611 xl:
1336 2587 1365 2610 et
1385 2582 1429 2610 sic
1442 2582 1512 2622 (τίς,
1528 2589 1611 2610 carr.
1632 2581 1664 2609 in
1685 2581 1725 2608 XI
1744 2579 1773 2611 d

466 2621 490 2648 ΙΙ
510 2621 583 2648 beel.
664 2620 692 2647 8.
713 2628 748 2647 eo
770 2621 838 2655 ipso
857 2627 916 2647 om.
936 2627 968 2655 g,
989 2619 1031 2645 al.
1051 2626 1090 2645 m.
1111 2625 1141 2645 a.
1224 2626 1264 2645 10.
1287 2617 1378 2645 liuius
1398 2618 1503 2645 ctſtrteri
1583 2615 1775 2654 12.a1nplius

461 2664 520 2691 pro
546 2656 664 2690 omnip.
686 2663 739 2687 ce,·
761 2655 799 2682 ila.
820 2654 915 2689 episc.
942 2661 1014 2688 ergo
1042 2651 1475 2721 cetewbz.13.p10cmint
1504 2648 1774 2682 &lerneam-,171

466 2694 668 2725 procuratum
691 2690 721 2717 d.
777 2689 818 2715 16.
839 2689 876 2716 ad
899 2695 1009 2724 pzaipim
1032 2687 1264 2722 1'.,1S.ac
1284 2691 1385 2714 tamen
1406 2686 1774 2717 b’cdtt'‚1a1nenal.m.a.

467 2733 507 2759 19.
531 2733 613 2763 pecc.
636 2733 703 2752 ven.
724 2723 826 2751 ceteti.
934 2730 981 2750 20.
1002 2722 1130 2749 omnino
1146 2709 1239 2749 'com
1261 2729 1298 2749 cx
1318 2721 1412 2748 modo
1432 2720 1593 2754 1,·1111110
1617 2728 1660 2755 g:
1684 2719 1722 2746 iul
1744 2719 1774 2745 iit

462 2767 521 2794 pro
541 2759 579 2786 sir
599 2760 619 2786 i.
727 2766 766 2786 21.
795 2766 880 2792 sequ.
901 2758 946 2785 vel
968 2757 1133 2791 episcopus
1155 2761 1218 2791 pol.
1238 2764 1292 2792 ag.
1400 2757 1443 2784 23.
1469 2763 1537 2782 cum
1561 2755 1598 2782 ai.
1620 2755 1699 2788 disp.
1721 2761 1774 2788 ag.

466 2794 506 2820 25.
529 2794 690 2828 provuigu
710 2794 748 2820 ab
750 2793 805 2828 is‚·
831 2793 868 2820 i.h
890 2796 934 2820 iot
954 2796 1054 2819 uilem
1076 2792 1181 2819 ce'lert.
1265 2798 1310 2826 27.
1331 2795 1356 2817 cl
1379 2796 1480 2817 lunen
1504 2789 1775 2823 ntc¹bcit1si;nee

466 2836 524 2855 om.
545 2837 579 2864 g,
601 2829 640 2855 al.
662 2836 699 2855 m.
719 2823 790 2855 add
812 2834 842 2854 a
914 2826 959 2854 32.
981 2826 1044 2853 1·1.1ἀ
1067 2826 1119 2853 ini.
1142 2833 1226 2860 piav.
1249 2833 1327 2861 sim.
1349 2825 1451 2852 celeri.

536 2910 566 2942 7.
594 2899 645 2931 Cf.
663 2900 709 2930 W
713 2899 917 2941 alsingham,
944 2899 1031 2929 Hist.
1058 2897 1203 2939 Anglici.
1227 2897 1355 2928 Rerum
1383 2896 1557 2927 Brittanic.
1584 2894 1775 2936 Scriptores

466 2946 614 2986 XXVIII,
640 2946 663 2986 1,
691 2946 767 2986 354.
864 2944 916 2978 36.
944 2945 994 2976 De
1012 2945 1117 2976 Verit.
1145 2945 1246 2975 Sacre
1272 2944 1404 2984 Script.,
1432 2942 1472 2974 cf.
1501 2941 1682 2973 Adde-uda.
