2002 3359
185 268 233 304 30
896 276 1119 308 ,IOHANNIS
1145 277 1330 308 WYCLIF
1601 263 1705 321 [clm
1727 275 1775 301 ιιι,

469 381 740 429 sequencium,
775 382 880 428 quod
915 381 1070 428 dignior
1094 395 1172 429 quo
1196 383 1243 417 ad
1269 382 1577 428 graduacionem
1602 384 1779 420 scolasti-

469 452 555 475 cam
581 441 696 475 debet
718 438 895 487 preferri.
921 440 997 475 Sed
1021 451 1092 475 nec
1116 441 1191 475 hoc
1215 449 1378 476 evacuat
1397 440 1493 487 legis
1517 442 1778 488 blasfemiam,

468 509 540 533 nec
573 497 761 533 iustificat
793 496 1109 533 declaracionem
1134 498 1333 545 papalem,
1363 510 1453 533 cum
1477 510 1569 546 sepe
1591 512 1671 535 non
1694 513 1781 547 gra-

469 555 612 590 duatus
645 554 694 590 sit
732 554 914 591 sanccior
952 563 990 590 et
1028 554 1199 591 habilior
1237 556 1285 591 ad
1324 555 1502 603 regimen
1539 556 1777 593 animarum.

181 619 205 648 3.
227 621 455 657 hym-escnting
526 612 712 648 Tei-cium
746 624 837 648 vero
876 624 998 660 genus
1032 612 1178 648 heresis
1221 613 1462 661 symoniace,
1508 615 1615 662 quod
1649 620 1812 662 potest5

224 657 411 717 αζξῗζξῇᾖῐῖζῗΓ
470 683 614 717 papam
640 670 869 717 contingere
893 679 949 706 est
972 670 1199 707 inordinata
1226 671 1370 707 volicio
1402 671 1633 719 preficiendi
1667 685 1779 709 cura-

251 721 388 752 reason&
469 736 528 764 tos
573 728 737 764 ecclesie
784 737 948 776 propter
1000 730 1213 764 comodum
1260 730 1479 777 temporale
1527 738 1564 765 et
1608 730 1676 766 illa
1719 744 1779 778 sy-

470 785 605 822 monia
644 785 808 822 infinitis
842 786 970 822 modis
1002 795 1132 834 potest
1163 786 1282 822 nimis
1315 787 1391 823 late
1425 787 1774 824 Christianismum

468 843 640 880 inficere.
689 846 736 880 Et
780 856 850 891 per
894 844 968 880 ista
1005 853 1114 892 patet
1147 844 1299 880 solucio
1333 845 1381 880 ad
1414 845 1585 892 primam
1620 847 1778 882 conclu-

468 901 618 937 sionem
655 901 825 938 Luciferi
863 903 1047 949 negando
1088 902 1216 950 ipsam
1261 911 1303 938 ut
1346 916 1500 939 summe
1546 903 1836 940 he1·eticam.1o

470 961 516 995 Et
549 968 743 1007 quantum
778 960 827 996 ad
860 960 1063 996 racionem
1096 960 1307 996 informem
1353 970 1475 1009 patet,
1521 962 1627 1009 quod
1672 962 1777 997 solus

468 1019 564 1053 deus
597 1026 653 1053 est
686 1017 871 1053 dominus
904 1018 971 1066 qui
1005 1030 1170 1065 peccare
1202 1031 1281 1054 non
1315 1028 1457 1066 potest,
1492 1019 1553 1055 cui
1587 1019 1778 1067 competit

468 1077 831 1123 quomodocunque
863 1076 1032 1112 voluerit
1063 1076 1120 1112 uti
1153 1076 1245 1112 suis.
1294 1078 1341 1112 Et
1387 1086 1580 1124 quantum
1625 1078 1673 1113 ad
1708 1077 1779 1113 mi-

467 1146 604 1169 norem
640 1142 761 1181 patet,
807 1134 913 1181 quod
958 1146 1062 1181 papa
1106 1134 1294 1169 existente
1332 1134 1435 1170 iusto
1469 1136 1585 1171 habet
1618 1135 1776 1171 titulum

468 1192 750 1238 ewangelicum
796 1192 845 1227 ad
890 1204 1005 1227 usum
1050 1191 1230 1227 omnium
1278 1192 1559 1240 temporalium
1615 1193 1834 1228 ecclesi015

469 1249 690 1295 militantis,
736 1261 808 1285 nec
854 1258 911 1285 est
953 1251 1228 1297 pompandum
1275 1251 1322 1286 de
1367 1250 1442 1286 isto
1486 1250 1579 1298 quia
1612 1250 1778 1298 quilibet

468 1319 705 1343 conversans
749 1307 834 1354 ipso
882 1307 1021 1343 iustior
1068 1308 1185 1343 habet
1237 1307 1396 1343 titulum
1449 1308 1656 1351 veriorem,
1709 1310 1775 1344 sed

468 1374 600 1413 preter
622 1366 696 1401 hoc
719 1365 879 1401 titulum
913 1365 1107 1401 serviendi
1141 1365 1303 1401 ecclesie
1336 1365 1602 1412 ministrandi,
1637 1368 1776 1413 guber-

467 1423 588 1459 nandi
634 1432 671 1459 et
708 1422 963 1471 dispensandi
1008 1425 1227 1460 secundum
1274 1423 1532 1471 ewangelium
1573 1425 1677 1460 bona
1717 1436 1777 1460 ec-

469 1480 598 1525 clesie,
644 1482 751 1529 quod
796 1489 853 1517 est
889 1482 1004 1517 valde
1042 1480 1216 1518 alienum
1251 1494 1277 1518 a
1307 1481 1483 1518 manerie
1527 1481 1835 1518 dominandi.20

469 1541 516 1574 Et
549 1539 589 1574 in
621 1538 696 1575 isto
729 1547 858 1587 potest
902 1551 1007 1587 papa
1051 1552 1183 1577 errare
1227 1539 1396 1575 faciliter
1439 1539 1532 1588 quia
1570 1539 1776 1587 predicare

468 1606 732 1643 sacramenta,
786 1597 1012 1633 ministrare
1058 1606 1095 1633 et
1139 1610 1252 1633 orare
1298 1607 1354 1634 est
1399 1598 1540 1645 papale
1583 1598 1775 1639 officium,

468 1656 536 1690 sed
581 1655 808 1703 dispensare
852 1655 911 1691 vel
957 1654 1182 1691 ministrare
1226 1655 1464 1703 temporalia
1512 1664 1568 1691 est
1614 1655 1777 1691 inferius

468 1712 583 1749 levite
628 1712 892 1748 ministerium
926 1713 986 1748 rel
1024 1713 1201 1749 officium
1246 1713 1399 1759 laicale,
1433 1722 1471 1749 et
1502 1722 1611 1761 patet
1656 1726 1775 1761 quam

468 1772 573 1806 nude
605 1770 821 1806 assumitur
859 1770 1077 1818 quemlibet
1109 1773 1333 1807 Romanum
1367 1771 1598 1819 episcopum
1633 1772 1833 1808 habere25

467 1837 647 1864 sanctam
687 1828 894 1864 ecclesiam
929 1841 1116 1876 sponsam
1150 1842 1276 1865 suam.
1323 1830 1422 1865 Cum
1457 1829 1561 1865 enim
1605 1842 1685 1865 non
1729 1828 1778 1864 sit

468 1886 661 1933 Christus,
701 1886 768 1934 qui
801 1887 906 1921 solus
939 1895 996 1922 est
1028 1899 1195 1934 sponsus
1228 1886 1392 1923 ecclesie
1424 1886 1631 1934 catholice,
1675 1900 1777 1935 pape

468 1953 524 1980 est
569 1944 748 1989 dubium,
791 1953 832 1980 ut
877 1944 963 1980 aliis
1008 1956 1142 1980 secum
1187 1944 1420 1990 viventibus,
1466 1946 1612 1981 nedum
1658 1945 1687 1981 si
1729 1944 1777 1980 sit

467 2002 662 2050 capitalis,
695 2015 831 2050 ymmo
863 2001 894 2038 si
927 2002 976 2038 sit
1008 2004 1232 2038 membrum
1267 2002 1434 2039 alicuius
1467 2003 1644 2048 ecclesie,
1684 2002 1777 2051 quia

466 2061 592 2095 solum
628 2059 919 2108 predestinatus
951 2068 1007 2096 est
1031 2062 1254 2096 membrum
1281 2060 1443 2097 ecclesie
1466 2070 1600 2097 sancte
1625 2060 1775 2103 matris,
1793 2066 1834 2097 30

467 2126 508 2153 ut
542 2117 605 2153 hie
636 2117 886 2165 supponitur.
910 2118 1052 2154 Videat
1075 2130 1169 2166 ergo
1191 2131 1295 2167 papa
1319 2119 1522 2167 quomodo
1537 2119 1716 2156 Christus
1741 2126 1777 2154 et

468 2177 605 2212 Petrus
628 2175 710 2211 eius
724 2175 895 2212 vicarius
917 2175 1220 2212 intromiserunt
1243 2189 1282 2213 se
1299 2177 1345 2212 de
1361 2177 1647 2224 temporalibus
1663 2176 1776 2212 bonis

468 2233 645 2279 ecclesie,
671 2233 851 2269 Christus
875 2233 979 2269 enim
1004 2233 1100 2270 dixit
1124 2236 1216 2270 Luc.
1250 2245 1315 2270 12:
1351 2234 1462 2280 ‘Quis
1487 2247 1548 2270 me
1572 2234 1775 2271 constituit

468 2290 639 2326 iudicem
664 2299 731 2327 aut
754 2291 965 2327 divisorem
991 2303 1109 2340 super
1129 2292 1234 2328 vos?
1269 2293 1317 2328 Et
1339 2293 1424 2328 Act.
1455 2293 1471 2327 3
1500 2292 1595 2328 dicit
1619 2294 1774 2328 Petrus:

468 2350 699 2395 ‘Argentum
735 2358 771 2384 et
804 2362 944 2385 aurum
978 2362 1057 2385 non
1090 2358 1147 2386 est
1181 2349 1314 2396 michi,
1348 2351 1453 2397 quod
1487 2359 1618 2386 autem
1650 2351 1832 2386 habeo'35

469 2407 542 2442 boc
575 2406 645 2442 tibi
678 2407 754 2441 do.'
796 2408 965 2454 Oportet
997 2416 1129 2444 autem
1164 2420 1309 2455 papam
1345 2419 1426 2443 esse
1460 2407 1772 2455 dispensatorem

467 2464 621 2500 celestis
654 2464 828 2500 thesauri
862 2473 904 2500 ut
937 2465 1067 2512 gracie
1101 2474 1138 2501 et
1170 2465 1374 2511 virtutum,
1418 2478 1498 2501 non
1540 2474 1776 2504 stercorum.

536 2604 560 2624 2.
583 2602 690 2625 vacuat
708 2598 750 2629 hc,
770 2606 851 2625 corr.
873 2597 904 2624 in
924 2603 1050 2625 evacuat
1069 2606 1098 2625 α.
1153 2597 1178 2631 3,
1198 2607 1227 2632 ,μ
1247 2599 1394 2634 graduum
1409 2599 1428 2626 ι’.
1483 2608 1512 2632 «1.
1534 2600 1564 2626 in
1585 2602 1667 2627 tarta
1687 2608 1776 2634 supc-

468 2632 540 2670 Γί-οι-ἶ
561 2633 601 2658 al.
624 2641 661 2659 m.
684 2633 824 2660 sanccior
844 2632 906 2668 dg:
931 2633 1072 2667 superior
1091 2633 1194 2660 ceteri.
1276 2642 1301 2667 7.
1323 2634 1380 2661 ista
1401 2635 1504 2661 ceteri.
1586 2635 1613 2660 δ’.
1635 2634 1774 2661 christia—

467 2674 630 2693 uissimum
652 2674 697 2693 uc.
806 2675 845 2702 ¹7·
867 2675 930 2701 pro
956 2668 1129 2694 virtuosus:
1156 2676 1344 2695 conversans
1365 2676 1398 2700 c;
1426 2669 1456 2695 in
1476 2672 1555 2696 textu
1575 2676 1773 2700 conversans.

466 2702 506 2728 ηΙ,
528 2709 565 2727 m.
587 2701 743 2728 virtuosus
763 2701 791 2728 d.
866 2702 906 2728 18.
934 2701 991 2728 boc
1013 2702 1101 2728 babet
1122 2703 1226 2729 ceteri.
1299 2703 1341 2730 25.
1363 2711 1424 2737 pro
1445 2703 1644 2738 episcopum:
1673 2703 1772 2738 ponti-

467 2737 550 2762 ticem
571 2736 675 2762 celeri.
753 2743 797 2771 27.
818 2736 877 2771 ipsi
900 2737 940 2762 al.
961 2744 999 2762 m.
1020 2739 1090 2763 ante
1109 2745 1187 2771 pape
1207 2737 1258 2772 dg.
1337 2745 1384 2772 29,
1401 2746 1459 2772 pro
1479 2738 1664 2773 corporalis:
1692 2738 1773 2771 capi-

466 2770 534 2796 tulis
555 2770 574 2796 i.
648 2769 685 2796 31.
707 2769 744 2797 131
764 2770 863 2797 videat
884 2770 904 2797 i.
976 2769 1019 2797 32.
1043 2771 1147 2797 Petrus
1168 2772 1207 2798 al.
1229 2780 1267 2799 m.
1289 2780 1322 2807 g,
1344 2780 1401 2799 om.
1423 2772 1535 2801 celeri:
1555 2772 1592 2798 ih.
1614 2780 1645 2798 sc
1665 2780 1724 2798 om.
1744 2773 1771 2798 Ιι.

466 2803 512 2837 34.
530 2808 579 2830 nut
600 2804 652 2838 gh,
672 2812 705 2830 :ic
725 2805 829 2832 celeri.
902 2803 944 2832 35.
967 2805 1046 2832 euim
1069 2813 1150 2832 corr.
1174 2814 1211 2832 m·
1231 2811 1329 2833 :iurem
1353 2815 1411 2841 egr:
1430 2807 1510 2833 euim
1532 2807 1560 2832 11.

537 2888 589 2920 33.
619 2887 700 2918 Luc.
732 2898 781 2927 12,
814 2898 862 2928 ¹4·
937 2889 989 2928 34.
1015 2890 1088 2920 Act.
1118 2890 1147 2927 3,
1174 2888 1204 2922 Γ).
