2002 3359
168 289 219 324 94

174 401 224 428 ΙΙΙ.
248 401 324 433 (The
346 405 428 428 must

177 436 324 470 liopelul.)
346 435 426 463 Tliat

211 471 260 498 tlie
282 472 389 506 people

246 505 356 532 sliould

172 541 332 567 withdraw
354 541 432 568 tlieir

217 575 307 602 litlies
327 575 386 602 and

226 611 380 645 oll'eriugs.

184 1155 206 1181 1¹
228 1155 253 1181 is
275 1154 338 1182 said
360 1155 424 1181 tliat

200 1190 331 1224 colleges
352 1190 410 1216 aud

174 1225 311 1259 learning
332 1224 433 1251 would

256 1260 304 1286 sall
329 1259 352 1286 if

190 1294 423 1329 appropriation

199 1338 278 1356 were
300 1335 351 1364 put
374 1338 409 1355 au

176 1365 231 1391 eud
255 1370 295 1394 to,
320 1365 371 1391 but
393 1365 420 1391 iu

164 1400 245 1426 trull]
270 1399 318 1426 the
339 1400 438 1434 cleu-gy

186 1435 289 1462 would
312 1435 410 1469 proiit.

197 2083 364 2114 Pati-onage
384 2082 418 2108 of

216 2118 265 2144 ilie
286 2117 396 2152 livings

225 2152 327 2179 would
351 2152 385 2178 be

175 2187 295 2221 enough
318 2187 365 2214 sor
385 2187 434 2213 the

235 2222 375 2256 colleges.

890 288 1112 318 ,IOHANNIS
1140 288 1323 318 WYCMF
1570 276 1674 331 [cm.
1695 284 1760 312 vn.

454 393 551 430 illud
587 393 852 430 ministerium
888 395 1106 429 retardare.
1142 395 1232 429 Ideo
1266 393 1433 429 tercium
1460 402 1516 429 est
1540 394 1760 430 remedium

453 453 500 488 de
534 465 612 500 quo
647 451 771 498 magis
805 451 983 487 conlido:
1018 453 1125 499 quod
1150 452 1323 499 populus
1355 453 1563 488 subtrahat
1587 451 1763 488 decimas

454 519 490 546 et
523 510 754 546 oblaciones
795 519 830 545 et
864 509 962 545 alias
1002 509 1176 557 privatas
1217 509 1456 546 elemosinas
1502 511 1550 545 ab
1590 509 1762 557 indignis

454 567 681 604 antichristi
705 566 911 615 discipulis
936 580 1035 615 quos
1068 567 1203 604 vident
1227 567 1333 604 circa
1367 564 1563 603 bonorum
1598 580 1761 603 suorum

455 626 670 673 sacrilegas
709 625 870 673 rapinas
910 625 965 662 sic
1004 625 1196 671 mercari;
1244 638 1332 662 cum
1369 625 1474 662 enim
1510 627 1585 662 hoc
1618 626 1762 661 debent

454 684 583 720 facere
631 685 678 719 de
724 683 807 731 lege
852 684 927 727 dei,
973 696 1054 719 non
1099 693 1155 720 est
1200 683 1379 720 timenda
1431 685 1499 719 sed
1543 684 1764 731 gaudenter

454 742 701 789 acceptanda
721 742 956 778 malediccio
974 742 1033 777 vel
1051 754 1230 787 censura,
1249 754 1369 789 quam
1386 741 1561 778 inferunt
1577 740 1763 789 discipuli

453 799 692 836 antichristi.
719 802 918 847 Rogemus
943 813 1036 847 ergo
1052 801 1186 844 deum,
1210 801 1317 848 quod
1342 799 1439 835 illud
1464 798 1764 847 particulariter

453 858 716 905 practisatum
740 857 796 894 sic
820 867 985 901 crescat,
1010 859 1118 906 quod
1142 859 1270 894 clerus
1293 859 1342 894 ad
1366 867 1514 894 statum
1537 857 1762 906 primevum

454 917 590 952 redeat
644 925 854 952 contentus
907 915 1108 952 alimentis
1161 925 1198 952 et
1250 915 1490 963 tegumentis
1543 916 1763 952 secundum

454 986 640 1010 normam
686 974 873 1021 apostoli,
920 983 957 1010 et
1002 975 1174 1022 populus
1219 973 1499 1010 elemosinarie
1537 973 1764 1021 spirituales

454 1031 682 1080 prepositos
727 1031 846 1079 eligat
891 1031 966 1068 sibi
1010 1041 1177 1080 propter
1228 1032 1398 1068 salutem
1452 1031 1584 1068 anime
1639 1030 1764 1079 magis

455 1099 584 1138 aptos.

515 1149 592 1184 Sed
609 1147 782 1184 obicitur
799 1160 868 1196 per
885 1149 972 1193 hoc,
990 1149 1098 1196 quod
1114 1147 1222 1184 iuxta
1239 1148 1343 1184 istud
1359 1160 1439 1183 non
1464 1148 1564 1183 foret
1580 1146 1765 1183 ecclesia-

457 1218 544 1241 rum
599 1205 886 1254 appropriacio
939 1215 975 1242 et
1020 1218 1387 1254 per-consequens
1433 1205 1765 1253 extingwerentur

457 1263 624 1311 collegia
670 1264 795 1300 etsie
841 1265 981 1300 clerus.
1030 1265 1107 1300 Sed
1153 1277 1231 1312 quo
1277 1266 1325 1300 ad
1370 1263 1468 1299 illud
1513 1264 1662 1301 dictum
1708 1271 1765 1299 est

456 1322 597 1358 diffuse
631 1321 740 1366 alibi,
775 1324 883 1370 quod
917 1321 1120 1370 expediret
1154 1322 1320 1358 ecclesie
1359 1334 1438 1357 non
1484 1334 1566 1357 esse
1610 1320 1765 1369 aliquas

455 1379 813 1428 appropriaciones
859 1379 1088 1416 huiusmodi
1129 1379 1305 1416 ecclesiis
1346 1379 1660 1424 kathedralibus,
1706 1379 1766 1415 Vel

455 1438 619 1486 capellis
664 1438 907 1485 principum,
953 1439 1015 1474 vel
1059 1438 1385 1474 universitatibus
1431 1437 1609 1485 collegiis
1654 1449 1764 1472 secu-

454 1495 597 1532 larium
652 1496 906 1538 clericorum,
960 1497 1027 1532 sed
1074 1506 1167 1532 tunc
1211 1505 1333 1532 staret
1377 1497 1504 1532 clerus
1550 1494 1763 1543 copiosius,

453 1554 669 1590 virtuosius
711 1563 747 1590 et
786 1554 995 1602 operosius
1033 1567 1153 1602 quam
1193 1564 1271 1590 stat
1306 1556 1447 1598 modo,
1485 1562 1765 1590 verumtamen

455 1625 676 1648 consonum
702 1613 803 1648 foret
828 1625 917 1648 curn
943 1612 1055 1648 iustis
1079 1612 1242 1660 paribus
1265 1613 1371 1661 quod
1404 1611 1443 1648 in
1474 1610 1642 1647 ecclesia
1674 1623 1765 1658 par-

455 1669 622 1706 rochiali
657 1683 732 1718 que
766 1683 835 1718 per
868 1683 907 1706 se
940 1670 1141 1706 sufficeret
1165 1670 1232 1706 uni
1263 1669 1515 1710 clericorum.
1551 1669 1763 1716 collegium

455 1728 585 1776 ipsum
632 1727 684 1764 ibi
718 1728 889 1764 resideat
922 1727 1115 1776 quamdiu
1153 1741 1196 1764 ex
1229 1727 1345 1776 legali
1384 1727 1606 1763 ministerio
1644 1734 1765 1762 staret

457 1786 636 1834 dignum.
683 1788 729 1822 Et
763 1795 956 1835 quantum
993 1787 1043 1822 ad
1076 1785 1245 1834 collegia
1279 1786 1317 1821 in
1350 1785 1492 1822 studiis
1526 1784 1798 1821 clericorum-

456 1853 564 1893 patet
598 1846 706 1892 quod
739 1857 761 1880 a
795 1845 900 1880 malo
933 1853 1227 1892 processerant,
1274 1857 1295 1880 a
1336 1844 1442 1880 malo
1482 1843 1643 1891 quidem
1684 1842 1765 1890 epi-

457 1901 567 1950 scopi
602 1902 668 1950 qui
694 1903 809 1939 debet
842 1914 1082 1950 promovere
1116 1911 1152 1938 et
1186 1901 1396 1938 subvenire
1429 1900 1640 1948 theologis,
1676 1909 1712 1936 et
1746 1913 1766 1935 a

458 1961 564 1997 malo
597 1960 948 2008 appropriacionis
982 1959 1241 1996 ecclesiarum
1266 1959 1583 2008 parrochialium
1608 1959 1656 1994 de
1680 1957 1766 2006 qui-

457 2020 529 2054 bus
554 2017 778 2054 continuari
796 2019 912 2054 debet
935 2018 1043 2054 scola
1058 2019 1339 2065 theologorum
1356 2017 1395 2053 in
1418 2016 1559 2053 studiis
1575 2015 1764 2064 undique.

459 2077 573 2113 Unde
588 2076 744 2112 videtur
762 2077 869 2124 quod
885 2077 1082 2112 subducta
1100 2075 1209 2112 omni
1225 2074 1562 2123 appi·op1·iacione
1582 2073 1766 2110 ecclesia-

458 2147 561 2180 rum,
594 2135 655 2171 vel
678 2134 857 2170 redditus
881 2133 1129 2182 temporalis,
1164 2133 1331 2181 collegia
1359 2142 1510 2169 starent
1533 2131 1765 2180 prosperius

458 2205 577 2240 quam
612 2201 718 2228 stant
751 2194 886 2237 modo,
920 2191 951 2228 si
985 2191 1201 2240 unicuique
1237 2190 1405 2239 collegio
1438 2190 1556 2226 fuerit
1588 2189 1766 2237 signatus

456 2263 648 2286 numerus
677 2259 965 2298 patronatuum
995 2249 1062 2298 qui
1086 2249 1165 2286 iam
1195 2258 1287 2285 sunt
1310 2249 1350 2285 in
1379 2261 1499 2285 manu
1524 2256 1696 2292 mortua,
1731 2255 1767 2282 et

456 2307 589 2356 ipsum
635 2307 848 2356 collegium
895 2307 1014 2355 eligat
1059 2309 1106 2343 de
1152 2307 1279 2355 magis
1325 2306 1537 2350 habilibus,
1584 2304 1650 2353 qui
1699 2317 1767 2352 per

458 2374 608 2402 certam
643 2365 735 2402 anni
770 2374 925 2413 partem
960 2366 1145 2401 laborent
1179 2365 1219 2401 in
1243 2363 1466 2413 parrochiis
1490 2371 1526 2400 et
1550 2375 1620 2411 per
1643 2362 1764 2399 aliam

528 2507 547 2526 1.
575 2498 780 2526 ministerium
802 2506 884 2525 corr.
906 2506 936 2525 m
964 2497 1135 2525 misterium
1157 2505 1187 2529 α,
1216 2497 1386 2524 misterium
1407 2505 1441 2529 e:
1469 2498 1506 2524 ib.
1528 2496 1682 2524 recordari
1703 2496 1768 2531 ῥίς,

464 2534 626 2561 recordare
640 2541 664 2564 c.
687 2541 768 2561 corr.
784 2533 814 2561 in
831 2533 984 2560 retardare
998 2533 1040 2559 ai.
1097 2541 1126 2566 4.
1141 2536 1247 2559 contra
1264 2532 1332 2559 bon.
1349 2532 1378 2558 Ιι.
1435 2532 1459 2559 5.
1482 2540 1546 2565 rap.
1563 2539 1639 2558 sacr.
1656 2531 1768 2562 σείει-ι’,-

458 2569 496 2596 ib.
519 2569 562 2595 sic
583 2569 624 2595 al.
641 2577 678 2595 m.
700 2569 728 2594 Ιι.
785 2569 811 2595 8.
833 2568 906 2603 Rog.
929 2568 1030 2602 itaque
1050 2567 1155 2594 ceteri.
1211 2575 1237 2596 0⁴
1262 2567 1304 2593 sic
1324 2567 1364 2593 al.
1381 2575 1417 2593 m.
1433 2567 1471 2598 l1,·
1490 2566 1527 2593 ib.
1550 2571 1586 2593 st.
1609 2565 1655 2593 dei
1677 2566 1768 2601 prim.

458 2604 543 2643 ahgi,
560 2603 694 2637 priorem
712 2603 840 2637 prims.
900 2611 939 2630 ιο.
958 2607 1037 2629 cont.
1054 2602 1090 2628 de
1105 2601 1187 2628 alim.
1205 2601 1306 2628 ceteri.
1366 2609 1399 2628 11.
1418 2602 1550 2636 populos
1564 2609 1628 2637 [150-
1642 2600 1678 2627 ib.
1696 2608 1768 2635 pop.

460 2646 511 2672 qui
533 2638 621 2664 debet
642 2638 728 2664 elem.
750 2638 779 2665 Ιι.
801 2638 842 2664 al.
857 2646 893 2664 m.
910 2637 949 2669 d;
969 2645 1042 2672 pop.
1058 2636 1108 2671 qui
1124 2636 1212 2663 elem.
1234 2636 1253 2662 i.
1311 2643 1339 2663 12
1370 2636 1454 2670 eligit
1474 2636 1494 2662 i.
1552 2644 1593 2669 ¹4·
1614 2634 1688 2662 illud
1709 2634 1768 2669 dfi.

460 2681 500 2700 lt).
516 2677 665 2707 quantum
680 2672 785 2705 ceteri,
802 2680 885 2699 corr.
901 2672 932 2699 in
947 2679 1008 2706 quo
1023 2671 1060 2702 d,·
1076 2671 1113 2698 ib.
1131 2671 1211 2698 istud
1227 2670 1328 2706 hccffgx
1385 2679 1423 2705 17.
1440 2670 1550 2697 diffuse
1564 2678 1620 2697 om.
1636 2670 1674 2703 lz,·
1687 2670 1724 2696 ib.
1741 2673 1770 2696 et

459 2707 566 2743 exped.
588 2707 672 2743 περ.
731 2707 769 2734 18.
793 2707 928 2734 liuiusm.
950 2706 978 2733 in
995 2706 1067 2733 eccl.
1082 2705 1128 2741 df.
1150 2706 1195 2732 vel
1211 2706 1282 2732 eccl.
1299 2705 1402 2732 ceteri.
1459 2713 1500 2740 19-
1523 2705 1552 2731 in
1569 2704 1651 2731 univ.
1667 2703 1767 2738 bcqu.

459 2749 497 2769 21.
514 2746 573 2768 stat
588 2750 668 2768 nunc
682 2741 785 2768 ceteri.
842 2749 874 2768 22
901 2741 969 2768 istis
983 2741 1088 2774 ceteri,
1104 2747 1186 2767 costr.
1200 2740 1230 2766 in
1246 2740 1334 2766 iustis
1348 2740 1386 2769 d:
1400 2740 1437 2766 lb.
1450 2739 1532 2775 quod
1549 2739 1578 2766 in
1594 2739 1623 2771 lt,
1638 2747 1718 2766 corr.
1732 2746 1771 2765 ex

459 2781 487 2803 et
507 2776 537 2806 d,
558 2780 586 2803 et
605 2775 709 2803 celeri.
765 2783 811 2808 24.
834 2775 890 2803 sibi
901 2776 957 2811 flz.
1014 2775 1060 2802 26.
1083 2779 1300 2809 processerunt
1319 2774 1420 2810 algfgi.
1475 2773 1519 2801 30.
1536 2774 1625 2800 Unde
1640 2773 1701 2800 vid.
1717 2781 1767 2807 qu.

457 2811 499 2838 al.
521 2819 558 2837 m.
586 2819 615 2842 α,
640 2818 698 2837 om.
724 2810 834 2846 bcefg;
859 2810 896 2837 ib.
918 2809 999 2845 quod
1027 2817 1085 2836 om.
1113 2809 1151 2841 lt:
1177 2809 1214 2835 ih.
1236 2809 1320 2835 omni
1341 2809 1424 2844 cclflz.
1451 2808 1532 2835 enirn
1553 2808 1619 2843 kfg,
1647 2815 1704 2835 om.
1725 2807 1767 2834 ai.

459 2844 498 2872 31.
519 2845 655 2880 collegiis
669 2845 698 2871 Ιι.
754 2844 797 2872 32.
819 2845 958 2879 signatus
971 2845 1036 2878 eelz,
1050 2844 1224 2878 assignatus
1239 2843 1343 2870 ceteri.
1401 2842 1444 2870 33.
1466 2851 1545 2869 unus
1560 2847 1636 2876 patr.
1653 2842 1767 2874 celeri,-

458 2880 496 2906 ib.
518 2884 563 2906 est
582 2879 611 2906 in
633 2887 726 2906 manu
744 2887 774 2907 α.
795 2879 834 2906 sit
853 2880 958 2911 ceteri,
976 2887 1034 2905 om.
1050 2886 1075 2913 c,
1096 2878 1147 2913 qui
1162 2878 1267 2904 omnia
1281 2877 1309 2904 in
1327 2885 1418 2904 maim
1434 2886 1467 2910 e‚·
1486 2881 1531 2904 est
1545 2876 1763 2938 violentablqff3

1701 2919 1716 2938 c
1733 2914 1762 2944 s.

457 2921 541 2941 corr.
561 2913 593 2941 in
613 2913 652 2942 sit
672 2918 794 2941 mortua
811 2913 905 2949 abdg.
989 2912 1031 2940 35.
1053 2917 1131 2947 part.
1152 2912 1223 2940 anni
1243 2913 1356 2945 celem)
1381 2912 1419 2939 ib.
1440 2912 1663 2946 parrochianos

1785 929 1822 949 10

1786 1207 1820 1239 15

1782 2079 1824 2110 30

1784 2366 1822 2399 35
