2002 3359
246 283 335 311 CAP-
353 273 427 327 m]
768 282 824 313 DE
853 281 1052 313 sIMoNJA.
1801 272 1845 305 53

247 400 438 429 consonat
457 391 497 426 in
516 403 608 427 casu
624 389 819 426 voluntati
837 388 967 425 divine
990 388 1167 424 iudicare
1192 387 1318 424 virum
1343 386 1559 422 inhabilem

246 463 318 498 pro
342 462 421 485 una
455 461 642 485 mensura
686 446 878 496 temporis
923 448 972 483 ad
1017 445 1194 482 officium
1229 447 1277 482 ad
1312 445 1420 493 quod
1466 445 1561 480 deus

248 507 429 544 habilitat
462 506 593 555 ipsum
639 519 711 554 pro
746 506 836 552 alio,
884 513 920 541 et
953 504 1007 541 sic
1040 516 1199 540 necesse
1233 513 1289 540 est
1323 515 1562 551 cognoscere

247 566 419 614 logicam
452 565 492 601 in
516 564 591 601 ista
615 563 782 600 materia
829 565 929 599 Nan]
955 575 1060 598 nunc
1084 561 1271 597 inhabilis
1296 562 1344 597 ad
1369 573 1474 597 nunc
1498 573 1562 597 oc-

214 624 477 672 5cupandum
510 622 614 659 istud
648 621 825 658 officium
860 633 931 669 pro
964 633 1083 666 nunc,
1125 629 1181 656 est
1216 618 1357 656 habilis
1389 628 1432 655 ut
1466 617 1562 655 alias

247 691 416 730 occupet
448 681 553 717 idem
588 680 785 725 officiumss,
831 679 920 715 ideo
954 686 1111 726 oportet
1146 679 1350 714 attendere
1383 678 1431 713 ad
1465 685 1563 713 tern-

248 753 321 788 pus
367 749 402 776 et
440 738 617 776 officium
656 747 699 774 ut
736 750 857 785 supra
902 736 1027 773 eciam
1073 745 1270 783 coaptata.
1325 737 1425 771 Sunt
1470 747 1563 782 ergo

248 799 392 846 gradus
432 797 471 833 in
511 796 708 833 eleccione
748 795 803 832 rei
843 808 915 843 pro
955 795 1094 831 eodem
1136 793 1297 830 instanti
1343 793 1561 830 secundum

249 857 394 904 gradus
418 854 594 892 caritatis
618 863 654 891 et
687 867 767 890 non
799 854 1018 889 secundum
1052 864 1265 888 numerum
1300 863 1561 900 personarum

194 925 321 963 10pro
353 923 447 950 tunc
481 912 713 961 eligibilium
749 913 797 948 ad
831 911 928 948 illud
962 910 1151 947 officium.

305 971 448 1008 Tercio
488 971 668 1018 arguitur
706 969 980 1018 principaliter
1018 981 1088 1017 per
1122 970 1208 1014 1106,
1255 969 1361 1015 quod
1395 968 1491 1003 deus
1524 966 1564 1003 in
1613 973 1638 999 11
1659 972 1817 1013 isan-gued

248 1032 333 1078 lege
365 1029 486 1066 veteri
520 1028 684 1077 prefecit
717 1030 880 1076 Moysen
913 1027 1062 1076 populo
1096 1026 1135 1062 in
1168 1025 1324 1062 iudiciis
1356 1026 1474 1073 vulgo
1498 1027 1564 1061 ab·
1608 1007 1816 1076 ῃὲἳηῖρὲῗῃῖζῖἀ

247 1087 452 1133 sconditis,
499 1096 540 1123 ut
579 1096 688 1135 patet
720 1087 839 1122 Exod.
877 1099 913 1132 4.
968 1086 1044 1122 Sed
1090 1084 1195 1122 idern
1241 1085 1338 1120 deus
1382 1096 1462 1119 non
1508 1092 1564 1119 est
1632 1077 1734 1104 Moses
1754 1075 1802 1102 for

1664 1119 1695 1127 ’Ἣ
1711 1120 1723 1137 S
1772 1119 1784 1137 S

249 1146 379 1182 minus
403 1145 591 1194 providus
616 1145 654 1181 in
678 1146 763 1192 lege
788 1157 901 1187 nova,
928 1157 1020 1191 ergo
1043 1142 1232 1191 peridem
1250 1141 1475 1190 providebit
1490 1141 1564 1177 sibi
1580 1119 1854 1173 unkuigilvxiniothc

197 1205 231 1238 15
248 1204 288 1241 in
311 1205 396 1252 lege
418 1216 521 1240 nova
543 1204 591 1239 de
614 1203 682 1239 tali
705 1203 865 1239 vicario.
901 1203 976 1238 Sed
1001 1200 1089 1249 quis
1112 1202 1212 1238 foret
1236 1199 1467 1236 huiusmodi
1490 1199 1564 1235 nisi
1582 1181 1854 1251 Ῑῗζᾟξξῗῃῆδῃῇζξ

249 1263 376 1310 papa?
406 1261 481 1298 Hic
505 1261 650 1297 dicitur
673 1262 780 1309 quod
803 1273 939 1297 verum
965 1259 1228 1302 concluditur,
1255 1271 1343 1294 curn
1369 1258 1564 1303 Christus,
1674 1258 1765 1285 pope.

250 1321 361 1358 cuius
395 1329 513 1368 caput
547 1329 603 1355 est
636 1321 745 1361 116115,
780 1318 828 1355 511
861 1331 965 1366 papa
998 1327 1034 1354 et
1068 1317 1277 1365 episcopus
1310 1316 1382 1352 toti
1416 1317 1565 1364 populo
1586 1298 1849 1359 hloffslsiiigffnot

250 1378 498 1424 Christiano;
531 1378 621 1414 licet
655 1377 759 1413 enim
786 1377 966 1413 Christus
1000 1376 1192 1423 figuratus
1222 1374 1271 1411 sit
1294 1386 1363 1422 per
1387 1376 1564 1422 Moysen,
1604 1375 1619 1393 ²¹
1638 1365 1831 1428 ἑῖῑὲθϋῖἇᾟξ

251 1446 307 1473 651
340 1446 474 1473 tamen
508 1435 707 1471 infinitum
742 1435 828 1483 ipso
852 1434 1100 1482 prestancior
1124 1446 1285 1481 presens
1309 1445 1376 1468 sue
1401 1432 1566 1468 ecclesie
1589 1410 1707 1469 611ῑὲ1,
1728 1435 1798 1462 who
1820 1435 1846 1462 is

194 1507 236 1529 20
250 1508 375 1543 usque
415 1496 462 1531 ad
503 1494 606 1530 dien]
642 1493 791 1530 iudicii.
837 1492 968 1529 Nichil
1001 1492 1135 1540 itaque
1170 1494 1350 1527 Romano
1384 1471 1849 1538 pontificithffiggffi'gssehslesm

251 1562 287 1590 et
321 1552 468 1589 Christi
500 1551 662 1598 vicario,
710 1551 785 1587 nisi
833 1552 933 1587 forte
978 1550 1138 1587 racione
1183 1548 1389 1597 amplioris
1434 1547 1566 1584 meriti
1655 1540 1780 1568 chureii.

251 1613 395 1648 habeat
418 1623 439 1647 a
463 1612 536 1646 deo
566 1610 762 1658 ampliora
797 1609 1013 1645 karismata
1036 1610 1084 1645 ad
1108 1607 1323 1644 virtuosius
1351 1608 1567 1655 prodesen-

251 1671 345 1705 duni
392 1668 574 1713 ecclesie;
624 1669 731 1716 quod
771 1667 800 1703 si
836 1668 965 1710 habet,
1013 1666 1218 1703 humiliter
1263 1665 1439 1702 continet
1472 1678 1511 1700 56
1545 1677 1567 1700 a

251 1740 414 1776 pompa,
448 1728 617 1763 latenter
650 1726 864 1774 proficiens
897 1725 979 1762 sine
1014 1724 1282 1761 retribucione
1315 1722 1478 1759 honoris
1508 1723 1567 1758 161

195 1788 234 1820 25
252 1785 409 1822 comodi
452 1784 697 1833 temporalis.
750 1786 849 1820 Nam
896 1783 1056 1820 dotacio
1100 1783 1159 1819 vel
1203 1781 1376 1829 dignitas
1421 1782 1513 1817 data
1546 1794 1567 1817 a

253 1856 386 1880 cesare
435 1845 508 1879 hoc
552 1856 632 1879 non
680 1842 786 1882 facit,
838 1854 909 1878 nec
955 1841 1114 1878 aliunde
1161 1853 1203 1876 ex
1249 1840 1325 1876 fide
1372 1839 1567 1887 scripture

252 1902 403 1950 patebit
436 1902 543 1949 quod
578 1903 780 1937 Romanus
814 1899 988 1948 pontifex
1022 1901 1137 1935 debet
1170 1897 1408 1946 generaliter
1440 1896 1568 1933 domi-

252 1960 339 1997 nari
362 1959 450 1995 urbi
475 1968 510 1996 et
534 1959 640 2003 orbi;
671 1958 829 1995 titulum
854 1958 988 2006 itaque
1012 1959 1060 1994 ad
1084 1958 1203 1993 talem
1227 1955 1566 2004 preeminenciam

255 2019 417 2054 haberet
452 2031 473 2053 a
507 2030 639 2053 cesare
684 2029 801 2065 quem
849 2015 1052 2052 destruxit.
1107 2017 1271 2062 Insuper
1316 2013 1567 2061 respiciendo

194 2080 235 2111 30
254 2077 303 2112 ad
338 2076 455 2112 fidem
491 2075 586 2123 legis
631 2074 785 2122 veteris,
830 2074 860 2110 si
895 2076 1098 2110 Romanus
1144 2072 1319 2120 pontifex
1363 2072 1445 2108 vult
1485 2084 1567 2107 esse

254 2134 401 2171 Christi
424 2133 594 2169 vicarius
628 2132 752 2170 instar
775 2131 914 2180 Moysi,
947 2131 1077 2168 videat
1110 2131 1217 2179 quod
1250 2130 1368 2166 faciat
1401 2129 1567 2166 vivendo

254 2191 527 2229 conformiter.
592 2194 648 2227 De
701 2193 849 2238 Moyse,
908 2190 1087 2238 inquam,
1141 2188 1284 2237 legitur
1337 2188 1446 2224 Exod
1498 2200 1565 2233 14:

254 2251 398 2287 ‘Stulto
445 2251 582 2286 labore
627 2248 872 2285 consumeris
918 2257 954 2284 et
997 2257 1039 2284 tu
1085 2256 1122 2284 et
1165 2247 1337 2295 populus
1382 2246 1454 2282 iste
1499 2245 1567 2294 qui

253 2318 384 2345 tecum
420 2317 489 2353 est,
526 2317 561 2344 et
595 2308 699 2344 ultra
731 2307 831 2343 vires
863 2316 950 2343 tuas
984 2314 1040 2342 est
1073 2305 1299 2353 negocium,
1338 2317 1439 2341 onus
1471 2303 1567 2339 illud

325 2475 344 2494 1.
366 2467 467 2493 virum
488 2466 570 2501 cejflz,
591 2474 675 2493 corr.
695 2473 732 2493 ex
753 2470 855 2492 utrum
877 2465 905 2496 d,
927 2469 1027 2491 utrum
1050 2464 1153 2491 ceteri.
1226 2462 1249 2490 5.
1272 2463 1344 2490 illud
1361 2463 1475 2495 celeri;
1494 2462 1568 2489 alias

253 2509 312 2529 om.
333 2509 366 2537 g,
393 2501 426 2528 al
454 2509 492 2528 m.
513 2509 543 2528 α.
652 2501 680 2527 11.
702 2500 783 2527 idem
804 2508 862 2526 om.
883 2508 937 2536 ag,
957 2499 998 2526 al.
1019 2507 1056 2526 m.
1077 2499 1107 2529 d,
1135 2498 1209 2525 illud
1231 2498 1302 2533 afg,
1328 2497 1402 2524 illud
1423 2497 1504 2524 idern
1527 2496 1568 2524 cii.

254 2544 281 2570 7.
302 2539 335 2563 ut
355 2543 449 2570 supra
469 2536 565 2563 eciam
586 2543 645 2563 om⁴
666 2534 788 2571 bccffgh,
808 2534 848 2561 al.
865 2542 901 2561 m.
916 2542 946 2560 a.
1021 2542 1054 2561 11.
1076 2533 1220 2562 Secundo
1241 2532 1355 2564 ceter-13·
1376 2532 1414 2559 ih.
1436 2531 1567 2567 princip.

255 2570 314 2598 sic:
337 2578 391 2606 per
411 2570 468 2597 hoc
487 2570 515 2597 lz.
642 2568 680 2601 13,
702 2578 744 2603 14.
765 2577 826 2597 non
848 2577 872 2597 e.
895 2569 969 2596 min.
992 2576 1080 2603 prOV.
1102 2568 1131 2601 h,
1153 2568 1256 2594 minus
1276 2575 1357 2594 corr.
1379 2574 1417 2593 ex
1437 2574 1518 2593 nunc
1538 2566 1568 2598 ci,

255 2605 331 2632 deus
351 2612 432 2632 nunc
453 2604 602 2640 providus
622 2612 638 2632 c
655 2613 687 2642 g,
718 2605 793 2631 deus
814 2612 895 2631 nunc
915 2604 1057 2639 providet
1077 2603 1180 2630 ceteri.
1290 2609 1332 2635 14.
1360 2609 1439 2628 nova
1459 2601 1495 2628 de
1516 2601 1567 2628 tali

255 2639 370 2667 vicario
391 2647 463 2674 ergo
483 2639 542 2666 bdt’.
617 2648 626 2667 1
647 2660 653 2666 .
676 2639 705 2666 d.
726 2643 746 2666 1.
768 2647 796 2666 V.
817 2639 860 2666 al.
881 2647 917 2665 m>
940 2646 969 2666 a.
1051 2646 1092 2672 14,
1114 2637 1152 2665 15.
1173 2644 1245 2672 ergo
1264 2652 1294 2655 -
1318 2644 1397 2662 nova
1417 2636 1457 2663 al.
1479 2644 1517 2662 m.
1540 2636 1568 2669 d,

255 2682 327 2709 ergo
351 2690 379 2693 —
400 2674 515 2701 vicario
542 2682 599 2701 om.
621 2674 646 2701 b.
756 2673 795 2701 18.
823 2673 904 2700 enim
925 2673 952 2705 lz,
974 2676 1075 2700 autem
1095 2671 1199 2703 ceteri,
1224 2671 1322 2698 factus
1338 2678 1400 2705 pro
1420 2671 1569 2705 figuratus

255 2709 376 2745 bcdefg.
474 2716 516 2743 ¹9·
537 2716 607 2735 cum
628 2712 673 2735 est
692 2717 745 2744 ag,
765 2708 834 2743 ipso
855 2708 896 2736 al.
917 2716 955 2735 m.
976 2708 1003 2734 11.
1100 2714 1145 2734 22.
1167 2706 1203 2733 ad
1224 2706 1294 2733 virt.
1314 2705 1342 2737 lz,
1361 2705 1403 2732 al.
1424 2713 1462 2732 m.
1482 2704 1510 2737 d,
1530 2705 1567 2732 ad

256 2745 403 2771 virtutum
420 2743 462 2777 be,
485 2743 697 2770 advertencius
718 2743 820 2770 ceteri.
894 2750 937 2778 27.
961 2741 1075 2777 patebit
1089 2741 1106 2768 lz
1120 2741 1151 2768 in
1166 2748 1292 2774 rasura,
1315 2739 1444 2775 patescit
1464 2740 1567 2767 ceteri.

255 2779 300 2806 28.
322 2778 497 2813 primiciam
518 2777 546 2805 Ιι.
660 2776 706 2804 30.
727 2777 791 2804 vult
811 2777 875 2811 eelz,
897 2776 969 2804 velit
988 2776 1088 2804 ceteri.
1202 2774 1244 2802 33.
1267 2774 1368 2802 Stulto
1388 2782 1446 2801 om.
1467 2773 1567 2811 bcqu,

255 2814 297 2840 al.
320 2821 356 2840 m.
378 2813 429 2840 ad.
502 2811 549 2846 34.
571 2816 598 2839 et
618 2815 692 2839 ante
711 2812 789 2839 ultra
810 2820 867 2839 om.
889 2812 1013 2848 abcesig,
1033 2811 1105 2838 illud
1127 2810 1229 2845 cdefh,
1248 2809 1330 2836 istud
1352 2809 1456 2836 ceteri.

332 2910 380 2942 13.
407 2908 518 2939 Exod.
546 2907 562 2938 3
592 2913 624 2938 et
649 2918 681 2947 4.
780 2908 833 2940 32.
860 2907 969 2938 Exod.
994 2906 1042 2946 18,
1068 2906 1117 2937 18.
