2002 3359
192 626 206 656 5

171 924 208 944 10

170 1203 204 1235 15

165 1503 206 1523 20

167 1783 205 1814 25

166 2070 207 2102 30

226 280 314 308 car.
336 270 388 327 n]
734 284 792 314 DE
821 282 1020 315 snioNIA.

226 388 274 424 sit
324 389 495 437 dignitas
542 389 602 425 vel
653 388 881 425 inordinata
926 387 1100 424 intencio
1144 387 1183 423 in
1229 389 1435 424 sacerdote
1479 388 1539 423 vel

226 447 390 493 clerico;
454 455 490 483 et
552 447 653 483 sicut
716 447 893 495 loquitur
956 447 1160 481 decretum
1225 445 1405 493 Gregorii
1457 447 1539 491 VII,

226 505 434 552 questione
487 505 778 549 ordinaciones,
832 503 1118 540 interveniente
1171 505 1540 551 quomodocunque

224 575 353 610 prece,
405 562 553 610 precio,
608 562 801 610 obsequio
852 562 911 598 vel
962 561 1096 609 aliquo
1152 561 1364 609 temporali
1422 561 1539 597 alicui

224 633 391 668 persone
425 621 620 668 impenso,
661 629 703 656 ut
736 632 907 667 persona
939 632 1016 667 que
1049 628 1105 654 est
1138 619 1323 655 inhabilis
1358 620 1405 655 de
1438 619 1542 655 facto

225 687 493 727 consequatur
526 678 759 726 dignitatem
811 676 1135 721 ecclesiasticam,
1183 677 1449 713 committitur
1483 690 1542 725 sy-

227 737 372 774 monia.
408 739 455 772 Et
478 736 532 772 sic
556 736 786 784 quicunque
821 735 1030 783 episcopus
1064 743 1224 771 curatus
1256 736 1315 771 vel
1349 735 1543 782 presbiter

225 796 566 842 preponderanter
612 793 756 841 accipit
802 793 913 828 illum
954 801 1100 829 statum
1146 801 1309 840 propter
1349 793 1539 829 honorem

224 853 282 888 vel
327 853 541 888 comodum
587 852 821 899 temporale,
873 860 929 887 est
974 850 1227 899 symoniacus
1268 860 1305 886 et
1345 850 1542 886 hereticus

224 922 464 957 permanens
504 909 544 945 in
583 909 650 946 illa
690 909 817 946 heresi
864 908 1055 957 quamdiu
1102 908 1287 944 inhabilis
1332 910 1380 944 ad
1426 922 1540 944 suum

222 968 399 1004 officium
440 967 653 1004 servaverit
692 967 803 1003 illum
843 976 1002 1003 statum.
1046 968 1157 1002 Patet
1190 979 1233 1002 ex
1267 966 1541 1014 descripcione

222 1026 416 1073 symonie,
451 1034 487 1063 et
519 1026 594 1062 ista
626 1025 781 1062 videtur
813 1024 1016 1061 sentencia
1049 1024 1152 1061 beati
1187 1024 1367 1072 Gregorii
1400 1024 1439 1060 in
1471 1027 1542 1060 Re-

221 1084 344 1131 gistro
375 1098 406 1131 1,
431 1084 639 1132 questione
670 1097 701 1129 1,
727 1096 813 1131 cap.
848 1084 890 1118 Si
920 1083 1015 1132 quis,
1048 1082 1178 1130 posita
1201 1084 1272 1118 sub
1296 1082 1371 1118 hiis
1394 1082 1540 1119 verbis:

223 1142 275 1177 ‘Si
301 1142 388 1190 quis
413 1155 542 1190 neque
571 1141 717 1178 sanctis
741 1142 893 1189 pollens
918 1141 1109 1187 moribus,
1144 1153 1216 1176 nec
1239 1153 1261 1176 a
1285 1141 1391 1176 clero
1416 1154 1541 1188 popu-

222 1200 339 1248 loque
356 1209 412 1237 est
430 1209 592 1237 vocatus
607 1201 667 1237 vel
682 1199 914 1248 pulsacione
930 1207 1104 1243 coactus,
1121 1198 1376 1246 impudenter
1393 1199 1540 1234 Christi

221 1258 493 1295 sacerdocium
529 1258 608 1294 iam
642 1257 819 1306 quolibet
853 1257 1029 1293 facinore
1062 1257 1236 1305 polutus,
1276 1256 1424 1292 iniusto
1457 1270 1541 1292 cor-

222 1316 280 1352 dis
320 1329 470 1363 amore,
517 1318 575 1353 vel
614 1315 785 1352 sordidis
830 1315 1014 1363 precibus
1046 1315 1139 1360 oris,
1185 1315 1264 1351 sive
1303 1323 1539 1359 comuttatu,

222 1374 301 1411 sive
336 1375 510 1411 manuali
550 1374 729 1420 servicio,
769 1373 849 1410 sive
888 1374 1143 1410 fraudulento
1183 1373 1420 1408 munusculo
1461 1372 1541 1420 epi-

222 1433 422 1481 scopalem
469 1446 538 1470 seu
583 1432 873 1469 sacerdotalem
921 1444 999 1467 non
1040 1432 1156 1467 lucro
1201 1431 1427 1467 animarum
1473 1432 1538 1467 sed

223 1491 352 1527 inanis
387 1491 510 1539 glorie
544 1490 716 1528 avaricia
748 1490 868 1526 fultus
908 1489 1143 1537 dignitatem
1184 1489 1384 1537 acceperit
1424 1497 1461 1525 et
1500 1488 1539 1524 in

222 1549 301 1585 vita
333 1562 403 1586 sua
442 1558 584 1598 sponte
616 1562 697 1585 non
737 1547 943 1596 reliquerit
978 1560 1149 1596 eumque
1182 1547 1221 1583 in
1256 1559 1397 1595 aspera
1429 1546 1539 1594 peni-

221 1607 351 1644 tencia
405 1621 511 1643 mors
556 1621 636 1643 non
680 1606 874 1643 invenerit
921 1606 1061 1653 procul
1106 1605 1227 1641 dubio
1271 1605 1311 1640 in
1357 1614 1537 1641 eternum

222 1665 392 1713 peribit.'
428 1668 480 1701 Ex
508 1665 590 1701 istis
613 1673 722 1713 patet
744 1664 923 1707 ulterius,
948 1665 1053 1712 quod
1080 1663 1309 1711 quicunque
1332 1663 1539 1711 religiosus

221 1723 480 1771 assumpserit
499 1723 733 1771 dignitatem
750 1723 809 1759 vel
832 1722 1013 1758 ordinem
1032 1721 1185 1758 abbatis
1201 1722 1260 1758 vel
1278 1721 1436 1769 prioris,
1452 1734 1539 1769 pre-

222 1781 321 1818 lacie
344 1782 403 1818 vel
426 1783 571 1829 gradus
596 1780 799 1829 religionis
823 1780 1114 1828 possessionate
1143 1780 1202 1816 vel
1226 1779 1538 1827 exproprietarie

221 1840 310 1887 plus
348 1848 512 1888 propter
545 1839 779 1887 dignitatem
821 1847 888 1875 aut
928 1838 1234 1886 prosperitatem
1278 1838 1537 1883 mundanam,

222 1910 342 1946 quam
376 1907 540 1946 propter
563 1897 822 1934 devocionem
856 1897 896 1932 in
931 1908 1106 1944 paupere
1138 1896 1230 1941 vita,
1265 1904 1307 1931 ut
1342 1896 1535 1930 mundum

222 1957 391 1997 deserat,
433 1965 489 1992 est
522 1956 749 2001 anathema,
784 1954 878 2003 quia
911 1954 1164 2002 symoniacus
1198 1962 1235 1990 et
1268 1953 1465 1989 hereticus
1498 1953 1536 1988 in

222 2013 423 2061 ingressu3
456 2027 548 2050 nam
582 2013 712 2050 omnis
735 2013 824 2049 talis
847 2012 940 2049 facit
963 2012 1137 2060 aliquam
1172 2010 1535 2048 commutacionem

222 2071 400 2108 illicitam
435 2085 505 2120 per
528 2084 568 2108 se
600 2072 660 2108 vel
692 2071 829 2117 alium,
864 2071 996 2106 dando
1030 2069 1182 2106 homini
1207 2069 1341 2115 eifum,
1367 2069 1536 2114 coclear,

222 2142 373 2178 preceS,
396 2131 456 2167 vel
488 2142 598 2178 spem
633 2129 791 2166 comodi
815 2128 1048 2177 temporalis
1081 2141 1153 2176 pro
1182 2127 1379 2175 spirituali
1403 2126 1537 2174 gracia

224 2188 403 2224 merendi
428 2187 731 2234 beatitudinem,
766 2188 873 2235 quod
899 2195 955 2223 est
979 2185 1247 2223 abiectissima
1271 2185 1465 2233 symonia.
1490 2187 1537 2220 Et

222 2245 397 2283 creditur
419 2247 526 2295 quod
551 2248 599 2283 ab
624 2246 812 2294 episcopo
834 2257 959 2293 usque
989 2245 1036 2281 ad
1067 2244 1239 2280 ruralem
1271 2243 1534 2291 presbiterum

292 2389 312 2409 1.
335 2381 373 2408 sit
394 2381 443 2408 ilia
465 2381 549 2416 dign.
571 2381 590 2408 i.
664 2387 689 2407 2.
706 2380 851 2415 Origcnis
870 2387 906 2412 ας
929 2379 1020 2414 Greg.
1042 2378 1331 2410 ceter1·,V110m.lz.
1405 2377 1430 2406 3.
1445 2377 1536 2405 Ordi-

223 2416 367 2443 naciones
382 2416 439 2448 dlz;
453 2416 588 2443 Ordines
602 2415 715 2447 ceteri;
732 2423 915 2450 quacunque
931 2415 943 2441 ι’
1007 2423 1036 2446 4.
1053 2413 1155 2448 precio
1168 2421 1225 2440 om.
1237 2421 1302 2448 ag:
1316 2421 1361 2448 pr.
1375 2413 1420 2440 vel
1436 2413 1502 2440 obs.
1515 2413 1534 2439 ι’.

223 2450 250 2477 8.
273 2450 544 2486 preponderaciter
563 2450 583 2477 i.
670 2457 707 2477 ι2.
729 2450 789 2476 vid,
813 2458 879 2476 esse
900 2453 977 2476 sent.
1000 2449 1067 2483 aigi.
1154 2446 1190 2475 13.
1213 2456 1238 2475 c.
1261 2448 1292 2476 Si
1314 2448 1383 2483 quis
1403 2448 1421 2474 Ιι
1440 2448 1536 2474 solum

223 2485 348 2513 exhibet.
404 2493 445 2519 ¹4·
462 2493 523 2521 pro
545 2493 641 2520 neque
662 2484 760 2512 ceteri
777 2492 841 2511 nec.
899 2492 940 2517 14,
958 2484 995 2511 15.
1018 2485 1047 2510 in
1067 2485 1150 2510 textu
1172 2483 1350 2518 populoque
1364 2486 1421 2514 est,
1441 2482 1482 2509 al.
1498 2490 1534 2509 m.

225 2521 339 2556 populo
354 2524 460 2556 estque
473 2528 509 2551 a,·
526 2528 597 2555 pop.
613 2524 719 2555 estque
732 2519 816 2555 bceg.
886 2518 923 2546 15.
940 2519 1092 2553 pulsative
1107 2518 1182 2553 bfgs'
1198 2517 1238 2544 ib.
1254 2517 1457 2552 inprudenter
1470 2516 1534 2553 dgi.

225 2556 265 2581 io.
288 2555 347 2582 iam
363 2555 381 2582 Ιι
395 2556 502 2587 solum,
524 2555 553 2581 in
576 2562 610 2581 ea
629 2562 656 2589 e,
677 2562 733 2581 om.
751 2562 776 2588 c,
796 2553 893 2580 celeri
911 2553 1059 2586 assumit3
1080 2553 1130 2587 qui
1152 2552 1225 2579 libet
1240 2560 1341 2587 aceg:
1360 2553 1410 2587 qui
1427 2551 1495 2578 licet
1509 2552 1534 2578 b.

224 2596 262 2623 ¹7-
285 2589 439 2617 sordibus.
497 2597 538 2624 19.
560 2589 624 2616 sive
645 2589 702 2625 dfi.
764 2596 804 2621 21,
821 2595 865 2615 22.
886 2596 1017 2623 euinque
1039 2604 1065 2606 --r
1088 2588 1190 2614 inven.
1212 2587 1242 2614 in
1263 2595 1362 2626 marg.
1384 2587 1424 2614 al.
1445 2595 1472 2612 m
1504 2594 1534 2613 a.

222 2630 262 2650 21.
290 2632 431 2659 asperam
458 2624 526 2660 aff,-
557 2624 763 2659 penitenciam
785 2623 872 2658 bees}
900 2622 1073 2658 penitencia
1101 2630 1180 2649 corr.
1211 2630 1246 2648 ex
1275 2621 1478 2655 penitenciam
1501 2629 1533 2656 g.

222 2656 264 2684 23.
287 2658 324 2686 Et
338 2667 373 2686 ex
386 2659 448 2686 bce.
521 2666 536 2685 2
549 2667 568 2692 i.
589 2659 633 2685 vel
655 2661 728 2685 ante
747 2657 860 2693 prioris
880 2665 938 2684 om.
960 2657 1064 2684 ceteri.
1138 2655 1183 2683 30.
1205 2664 1237 2683 se
1257 2660 1310 2682 aut
1330 2664 1384 2691 per
1402 2663 1466 2691 σέμ-
1489 2656 1532 2682 vel

223 2700 277 2726 per
305 2693 397 2721 alium
429 2693 458 2725 i,·
486 2693 525 2721 ib.
555 2693 673 2720 homini
689 2694 717 2725 i,·
748 2693 790 2720 al.
817 2700 855 2719 m.
882 2700 912 2724 α,
939 2700 997 2719 om.
1024 2691 1138 2723 celeri;
1165 2691 1203 2718 ih.
1231 2690 1324 2717 eifum
1351 2691 1392 2718 al.
1419 2699 1446 2717 m
1483 2690 1533 2718 acl.

222 2727 260 2755 3·.
283 2736 388 2763 preces
409 2735 466 2755 om.
488 2729 508 2755 i.
582 2726 625 2755 32.
647 2727 768 2755 emendi
791 2727 811 2754 i.

294 2810 323 2833 2.
343 2800 445 2842 Corp.
472 2800 534 2833 iur.
554 2800 577 2841 I,
595 2810 660 2841 402
681 2800 725 2840 (c.
749 2801 822 2840 113,
842 2800 879 2831 C.
904 2810 929 2839 1,
957 2809 990 2841 q,
1023 2799 1064 2837 ι).
1142 2799 1192 2831 13.
1211 2797 1313 2839 Corp.
1334 2797 1396 2829 iur.
1416 2807 1489 2830 can.
1510 2797 1532 2837 I,

222 2848 287 2887 403
316 2846 359 2884 (C.
391 2845 463 2886 115,
491 2847 528 2879 C.
560 2857 586 2885 1,
613 2856 671 2888 qu,
704 2847 751 2887 1);
784 2846 826 2879 cf.
853 2846 980 2877 ibidem
1010 2851 1125 2875 notam
1158 2842 1259 2887 1696:
1299 2844 1392 2875 Haec
1420 2853 1533 2885 neque

224 2894 257 2924 in
284 2893 375 2935 Opp.
404 2893 561 2934 Gregorii
588 2893 658 2931 VII,
686 2903 800 2934 neque
827 2893 917 2934 apud
952 2892 1054 2933 Greg.
1082 2892 1246 2932 Magnum
1273 2896 1352 2920 sunt
1384 2891 1532 2922 inventa.

1377 2958 1394 2979 2

1784 287 1827 322 I7

1556 404 1590 423 or
1612 401 1640 423 to
1662 401 1767 431 accept
1790 405 1825 423 an

1557 431 1771 466 appointment
1785 433 1832 458 sor

1592 466 1693 492 which
1717 468 1751 492 hc
1773 467 1797 493 is

1565 501 1647 528 uniit.
1669 509 1704 527 or
1725 501 1823 528 which

1532 561 1539 566 ,
1577 536 1611 561 he
1635 536 1719 562 takes
1741 536 1818 562 from

1560 578 1665 604 wrong
1691 571 1820 597 inoiix'es
