2002 3359
198 921 235 941 ¹0

195 1201 229 1233 15

259 274 346 303 (3141).
370 265 467 320 vnn]
776 277 832 309 ms,
861 278 1059 311 suumn.
1780 284 1788 308 1
1810 286 1816 307 ¹
1834 271 1848 308 3

257 387 365 435 quod
390 384 631 424 auctoritate
655 384 714 422 sui
739 384 949 423 deficiente
973 399 1215 437 quocunque
1232 387 1386 437 prelato
1406 399 1567 425 cesai-eo

255 445 303 482 sit
350 457 372 482 a
423 445 583 482 Christo
634 444 828 493 legittime
881 444 1090 484 ordinatus
1144 456 1180 484 et
1232 447 1272 483 in
1324 460 1566 496 quocunque

255 513 509 541 sacramento
542 504 602 541 vel
633 516 754 552 opere
787 505 895 552 quod
929 504 1002 541 rite
1035 505 1173 542 fecerit
1206 507 1466 554 approbatus.
1511 507 1564 541 Ex

254 561 339 598 istis
362 562 564 610 colligitur
596 561 751 609 tiriaca,
784 563 868 599 sine
901 576 979 611 qua
1012 572 1054 599 ut
1078 563 1341 611 probabiliter
1374 564 1562 603 ereditur.

255 619 422 657 ecclesia
455 622 502 656 de
535 621 767 668 symoniaca
816 620 942 657 heresi
986 634 1066 657 non
1112 621 1259 669 accipit
1305 621 1560 661 medicinam,
1607 626 1818 666 issimoniaqs

252 677 403 714 scilicet
435 679 545 726 quod
577 678 765 715 dominus
799 691 917 728 papa,
963 679 1155 727 episcopi,
1201 692 1341 716 omnes
1387 679 1561 728 religiosi
1585 662 1841 725 ⁸⁸³¹¹¹¹t¹12³gilf⁰⁸¹g¹¹

251 736 312 772 vel
344 749 443 785 pure
465 736 599 773 clerici
622 737 739 774 titulo
762 736 1024 785 possessionis
1047 746 1239 786 perpetue
1262 738 1387 775 dotati
1417 739 1563 774 debent
1577 731 1853 801 Εξέεἳιῖἒξθρῃέξὲξ

252 794 512 832 renuncciare
555 794 633 831 illis
677 795 717 831 in
763 808 904 832 manus
949 794 1104 832 brachii
1147 796 1337 833 secularis
1382 795 1560 841 ecclesie,
1607 801 1716 828 should
1739 803 1826 829 make

252 854 360 901 quod
404 852 435 889 si
467 852 730 902 pertinaciter
772 853 976 891 noluerint
1020 867 1090 902 per
1128 855 1327 891 seculares
1373 853 1562 891 dominos
1606 837 1688 863 them
1712 837 1750 863 ³⁰
1772 846 1816 864 ω’

251 911 396 947 debent
417 911 518 959 cogi.
535 912 733 949 Probatur
750 912 881 961 prima
899 925 993 962 pars
1008 925 1078 960 per
1094 911 1190 948 illud
1208 914 1301 951 Luc.
1324 926 1332 948 1
1352 926 1389 959 4:
1408 911 1563 949 ‘Omnis

250 981 294 1004 ex
336 968 447 1006 vobis
486 969 554 1018 qui
598 983 680 1007 non
731 971 965 1008 renuncciat
1017 970 1204 1007 omnibus
1256 984 1333 1019 que
1386 970 1563 1019 possidet

248 1039 331 1063 non
364 1036 496 1075 potest
531 1040 641 1065 meus
666 1041 750 1065 esse
773 1028 1022 1077 discipulus.‘
1057 1031 1105 1066 Et
1137 1031 1313 1066 secunda
1337 1042 1428 1078 pars
1453 1037 1562 1077 patet

251 1097 320 1132 per
352 1085 452 1122 illud
483 1087 625 1123 Matth.
663 1088 704 1124 5:
740 1088 873 1134 ‘Quod
895 1087 927 1124 si
961 1088 1020 1124 sal
1045 1088 1251 1125 evanuerit
1285 1089 1334 1124 ad
1367 1087 1561 1124 nichilum

250 1143 352 1179 valet
382 1144 501 1186 ultra,
547 1144 625 1181 nisi
669 1154 712 1182 ut
756 1145 939 1182 mittatur
984 1147 1091 1182 foras
1137 1155 1173 1182 et
1207 1146 1467 1182 conculcetur
1513 1146 1561 1181 ab

249 1201 506 1239 hominibus.'
542 1205 620 1239 Rex
652 1203 790 1253 itaque
822 1203 978 1241 celestis
1010 1213 1191 1252 expectat
1235 1203 1308 1240 ista
1356 1203 1561 1240 meritoria

249 1259 518 1297 medicamina
542 1273 680 1309 regum
704 1270 821 1308 terre,
846 1264 895 1299 ad
914 1264 1021 1310 quod
1046 1262 1130 1310 ipse
1155 1272 1325 1307 moveat,
1350 1262 1418 1310 qui
1442 1273 1561 1309 super

248 1325 374 1354 totam
410 1319 619 1356 ecclesiam
654 1332 812 1368 semper
845 1329 997 1368 regnat.
1033 1322 1172 1356 Amen.

313 1487 341 1511 4.
364 1482 396 1505 ut
415 1479 456 1506 al.
477 1486 515 1505 m.
536 1486 566 1510 a,
586 1486 643 1505 om.
665 1479 774 1514 bcdqfl·
793 1479 831 1506 ib.
854 1479 936 1507 credi
958 1484 1058 1515 potest
1077 1488 1103 1507 e.
1194 1480 1218 1508 5.
1248 1480 1331 1516 quod
1358 1479 1486 1508 ecclesia
1514 1487 1558 1511 ce,

244 1512 282 1544 ib,
301 1512 365 1540 her.
387 1521 465 1549 sym.
485 1513 589 1541 ceteri.
663 1515 679 1541 ὃ
712 1514 778 1542 illas
799 1514 903 1541 ceteri.
985 1523 1017 1542 ιι.
1041 1514 1267 1543 renunciaverit
1286 1514 1352 1552 dgi.
1433 1515 1473 1543 16.
1496 1523 1559 1542 me-

245 1547 418 1575 dicamenta
437 1556 467 1575 a.
559 1548 600 1582 16,
621 1556 661 1583 ¹7·
683 1553 796 1576 terram
817 1553 914 1577 totam
935 1557 1017 1577 corr.
1040 1550 1070 1577 in
1091 1550 1166 1577 eccl.
1188 1555 1241 1577 tot.
1262 1558 1290 1577 a.
1383 1557 1422 1584 17.
1451 1553 1557 1584 regnat

245 1581 409 1618 sempers,
429 1590 517 1610 amen
537 1583 578 1610 al.
599 1591 637 1610 m.
657 1591 686 1618 a,
707 1591 764 1611 om.
786 1583 841 1611 hei.
870 1584 904 1612 In
922 1584 991 1618 sine
1016 1587 1166 1612 tractatus
1192 1585 1226 1612 hi
1248 1584 1408 1612 adduntur
1432 1592 1557 1611 versus:

451 1617 586 1652 Explicit
606 1619 665 1645 hoc
686 1626 793 1646 verum
814 1620 1002 1646 conculcans
1023 1619 1172 1656 symonis
1193 1620 1321 1650 clerum,

452 1653 589 1680 Cunctos
608 1661 679 1680 cum
701 1654 789 1689 papis
809 1654 956 1681 mordens
977 1656 1207 1690 monachosque
1229 1655 1362 1688 prelatos
1381 1654 1401 1685 i,

244 1686 372 1720 canem,
400 1687 503 1714 modis
523 1687 746 1724 monachisque
768 1689 892 1724 prelatis
917 1697 946 1720 a,
996 1689 1064 1724 apis
1099 1690 1260 1717 monachis
1295 1689 1465 1723 ceterisque
1491 1697 1558 1724 pre-

245 1721 313 1757 latis
332 1721 358 1755 b,
380 1722 605 1758 monachisque
626 1723 751 1756 prelatis
768 1724 826 1760 fg.
858 1724 891 1751 1η
925 1724 940 1751 b
991 1732 1048 1752 aec
1079 1732 1200 1760 quoque
1230 1724 1348 1762 legitur
1377 1724 1555 1751 adnotatio.-

244 1755 428 1784 Conclusio:
452 1765 528 1791 pura
548 1757 655 1793 religio
675 1757 853 1786 Christiana
873 1764 918 1786 est
938 1767 1122 1795 quacunque
1144 1759 1262 1794 privata
1277 1759 1457 1794 perfeccior.
1478 1758 1559 1793 Ins:

242 1792 344 1818 Arnen
365 1791 479 1819 dicant.
500 1791 620 1820 Finitus
640 1798 686 1820 est
705 1793 761 1821 iste
781 1799 930 1821 tractatus
949 1802 980 1821 a.
1003 1803 1080 1827 [μοι.

319 1885 369 1906 20.
397 1875 479 1907 Luc.
513 1886 561 1916 14,
593 1877 643 1908 33.
745 1877 793 1909 13.
822 1877 942 1908 Matth.
971 1878 1000 1917 5,
1034 1880 1082 1912 13.

1392 2959 1412 2986 U.
