2002 3359
213 929 249 949 10

211 1208 246 1240 15

269 283 357 310 ctu).
372 271 440 328 vi]
780 283 837 315 DE
866 283 1065 315 smoNIA.

323 390 468 428 Tercio
483 389 644 440 quidem
662 389 808 426 dicitur
824 391 932 439 quod
957 389 1101 426 citator
1117 391 1175 426 vel
1199 402 1336 426 scurra
1360 390 1460 426 alius
1478 399 1581 426 emet

268 451 316 486 ab
339 449 530 498 episcopo
546 449 605 485 vel
629 448 776 485 clerico
799 461 871 485 suo
895 447 1073 484 officium
1098 448 1192 485 talia
1208 448 1439 494 defferendi,
1456 457 1492 484 et
1516 448 1580 485 ille

267 507 384 556 exigit
406 507 545 544 fraude
569 505 717 543 diaboli
741 506 952 555 pecuniam
980 506 1174 543 maiorem
1198 507 1257 543 vel
1284 505 1480 543 minorem
1506 520 1579 555 pro

267 565 401 603 officio
417 565 641 612 deferendi3
666 564 774 601 etsie
790 566 837 601 de
861 564 1034 601 denariis
1059 564 1334 611 confessionis,
1352 566 1399 601 de
1418 578 1580 602 munus-

267 624 365 661 culis
390 637 462 672 pro
487 622 795 672 baptismalibus
819 622 946 659 calide
979 622 1234 668 introductis,
1269 622 1324 659 ita
1348 625 1456 671 quod
1480 623 1582 660 sicut

267 681 499 719 benediccio
531 681 697 718 vertitur
729 681 769 717 in
802 680 1148 727 malediccionem,
1182 681 1237 717 sic
1270 681 1580 718 elemosinarum

266 740 436 777 collacio
465 739 632 776 vertitur
664 739 704 776 in
728 738 996 785 exaccionem,
1031 748 1067 776 et
1092 739 1332 788 episcopalis
1358 740 1518 776 dotacio
1542 739 1582 776 in

265 808 428 847 rapture
473 797 613 846 populi
657 797 1004 846 preparacionem.
1057 799 1105 833 Et
1150 798 1225 834 hoc
1269 806 1441 846 oportet,
1491 810 1581 834 curn

266 865 505 905 pompantes
550 856 599 892 de
643 864 843 904 potestate
896 868 967 892 sua
1013 855 1211 904 spirituali
1263 856 1369 892 ultra
1421 864 1581 893 sanctos

264 915 484 963 apostolos,
527 922 719 962 tanquam
762 914 862 950 alter
907 912 1093 951 Roboam
1135 913 1306 962 figurant
1346 913 1580 951 divisionem

264 971 429 1009 ecclesie
473 984 544 1020 per
588 971 760 1008 heresim
800 971 1090 1020 symoniacam,
1138 971 1239 1009 sicut
1285 974 1464 1009 Roboam
1512 985 1582 1021 per

263 1043 455 1079 pompam
500 1029 701 1066 infinitum
748 1029 880 1066 minus
926 1030 1074 1067 malam
1122 1030 1306 1079 figuravit
1346 1030 1581 1067 scissionem

263 1087 374 1137 regni
420 1087 646 1126 Salomonis
691 1101 761 1136 per
798 1089 1026 1135 Jeroboam,
1072 1097 1114 1124 ut
1159 1097 1271 1125 notat
1310 1088 1581 1126 Crisostomus

264 1146 421 1183 Omelia
461 1160 470 1183 1
512 1146 656 1194 Operis
689 1145 912 1195 Inperfecti.
958 1148 1188 1193 Quomodo,
1223 1160 1333 1195 rogo,
1368 1146 1581 1195 episcopus

264 1206 424 1242 dotatus
457 1204 664 1253 pingwiter
709 1217 798 1241 cum
839 1204 953 1241 bonis
993 1218 1216 1253 pauperum
1257 1205 1444 1242 conducit
1491 1218 1581 1242 care

263 1263 471 1311 garciones
494 1276 566 1311 pro
592 1262 864 1299 custodiendis
889 1263 1000 1311 equis
1024 1263 1250 1311 superfluis,
1287 1273 1323 1299 et
1347 1263 1581 1300 innumeros

264 1320 470 1357 ministros
516 1320 705 1367 curiosos,
759 1320 1048 1369 inpertinentes
1100 1321 1317 1369 episcopali
1364 1321 1499 1358 officio
1544 1332 1581 1358 et

263 1388 398 1416 tamen
438 1392 519 1415 non
559 1388 672 1416 curat
710 1381 891 1427 neglecta
930 1379 1159 1427 provisione
1206 1379 1482 1416 ministrorum
1519 1380 1578 1416 sui

262 1437 383 1474 officii
439 1437 547 1474 mille
601 1436 730 1473 modis
784 1436 993 1474 comittere
1047 1437 1298 1485 symoniam?
1358 1439 1430 1474 Vel
1484 1452 1578 1486 ergo

262 1496 405 1532 habeat
457 1495 662 1532 ministros
712 1497 761 1532 ad
806 1497 881 1531 hoc
926 1495 1070 1544 quibus
1116 1496 1231 1544 plene
1276 1496 1482 1533 subveniat
1532 1498 1579 1533 de

262 1553 376 1590 bonis
422 1554 674 1600 comunibus,
718 1555 779 1590 vel
822 1553 981 1590 omittat
1026 1553 1188 1590 inficere
1234 1556 1425 1602 populum
1468 1556 1579 1603 lepra

261 1611 505 1660 symoniaca,
553 1625 643 1648 cum
690 1613 806 1648 debet
850 1625 992 1648 sanare
1039 1625 1130 1649 oves
1166 1613 1370 1649 morbidas
1416 1622 1451 1649 et
1498 1626 1578 1649 non

261 1669 370 1718 prius
405 1672 573 1706 mundas
606 1669 883 1706 insanabiliter
917 1671 1134 1706 maculare.
1177 1672 1404 1716 Quomodo,
1440 1685 1577 1720 queso,

260 1727 481 1776 requireret
506 1728 632 1764 fidelis
666 1728 877 1776 episcopus
910 1741 931 1764 a
966 1728 1149 1764 ministro
1174 1742 1244 1765 suo
1269 1729 1441 1765 fructum
1469 1742 1577 1766 cam-

227 1785 435 1834 [positum
470 1788 517 1823 de
556 1786 722 1823 servicio
758 1788 975 1836 mundano,
1014 1789 1121 1835 quod
1155 1787 1229 1823 sibi
1264 1787 1419 1835 attinet⁷
1461 1798 1497 1824 et
1531 1790 1578 1824 de

259 1844 458 1892 spirituali
518 1844 741 1881 ministerio
800 1845 983 1881 comunis
1038 1845 1203 1882 ecclesie
1264 1845 1395 1882 minus
1450 1856 1575 1891 curat,

258 1916 350 1950 ymo
400 1902 601 1939 ministros
655 1916 759 1950 suos⁷
812 1903 873 1939 vel
920 1904 970 1939 ob
1016 1904 1192 1939 favorem
1239 1904 1374 1945 seculi,
1430 1906 1489 1940 vel
1534 1914 1577 1940 ut

259 1961 403 1997 habeat
451 1973 517 1997 eos
561 1973 634 2008 pro
678 1960 809 1997 viliori
856 1961 1004 2009 precio,
1058 1961 1254 2009 permittit
1301 1962 1577 2010 multipliciter

258 2017 487 2066 symoniace
521 2018 703 2066 evagari?
736 2021 824 2055 Non
848 2018 1014 2055 dubium
1050 2021 1234 2066 mundus,
1270 2033 1352 2056 non
1375 2022 1484 2068 deus⁷
1521 2030 1577 2057 est

258 2076 519 2113 effectualiter
563 2078 659 2113 deus
704 2076 793 2113 talis
837 2077 1007 2113 infidelis
1053 2077 1241 2126 episcopi,
1298 2091 1387 2114 cum
1437 2079 1577 2115 mundi

258 2134 436 2171 officium
486 2134 611 2183 magis
657 2144 789 2182 curat3
836 2137 951 2171 debet
997 2136 1101 2172 enim
1137 2135 1347 2184 episcopus
1381 2138 1429 2173 de
1462 2137 1576 2173 bonis

257 2205 480 2241 pauperum
532 2193 686 2242 precise
737 2203 933 2242 quantum
987 2202 1045 2230 est
1096 2194 1367 2231 necessarium
1422 2197 1470 2232 ad
1515 2196 1575 2232 sui

328 2348 347 2367 1.
381 2348 443 2375 pro
464 2340 573 2367 tercio:
596 2340 691 2367 modo
711 2341 824 2369 celeri:
846 2341 883 2367 ih.
906 2341 978 2376 quid
1001 2341 1075 2369 aln':
1095 2341 1131 2367 ih.
1154 2342 1178 2367 ci
1201 2342 1230 2368 in
1253 2350 1315 2368 ras.
1339 2342 1380 2369 (in
1402 2342 1524 2374 citator)
1545 2343 1572 2376 l1‚

256 2374 384 2401 lect-ator
404 2383 446 2404 ce.
470 2376 582 2401 locator
601 2375 704 2402 ceteri.
768 2382 792 2401 2.
815 2376 886 2402 talia
909 2391 936 2394 —
959 2384 986 2408 4.
1009 2375 1111 2402 officio
1132 2377 1172 2402 al.
1195 2385 1231 2402 m.
1252 2376 1279 2402 Ιι.
1339 2375 1353 2403 3
1385 2376 1483 2411 exiget
1503 2377 1572 2412 ἐξίῃ.

255 2418 284 2441 4.
305 2409 342 2436 de
362 2412 436 2436 ante
451 2410 519 2436 den.
535 2417 593 2436 om.
610 2410 686 2445 bccff,
707 2410 747 2437 αἰ.
764 2418 800 2437 m.
817 2419 847 2437 a.
903 2411 926 2437 5.
945 2411 1129 2445 baptismate
1150 2412 1255 2437 ceteri.
1313 2412 1341 2440 (ᾗ,
1358 2420 1383 2444 7.
1406 2412 1574 2439 elemosine

256 2443 399 2470 colleccio
420 2444 524 2471 ceteri.
608 2453 635 2480 9.
658 2445 694 2471 de
717 2449 842 2480 peccato
863 2445 942 2481 afg:
969 2446 1007 2472 ib.
1031 2454 1087 2472 sno
1108 2445 1195 2481 akjfg.
1283 2454 1323 2473 10.
1346 2446 1462 2473 faciunt
1481 2447 1572 2482 nbgsgn

255 2485 335 2505 corr.
364 2479 394 2505 in
421 2479 553 2512 figurant
578 2479 606 2508 d.
636 2479 750 2506 saciant
775 2488 818 2511 ce,
849 2480 963 2514 fingant
988 2480 1024 2507 d:
1054 2480 1090 2506 ih.
1119 2480 1305 2507 divisionem
1334 2480 1396 2513 cell,
1427 2489 1508 2508 corr.
1537 2490 1575 2508 ex

255 2512 412 2548 dyocedm
433 2513 462 2543 d.
484 2513 641 2549 dyocesim
663 2514 766 2541 ceteri.
876 2522 912 2541 12.
936 2515 1040 2542 minus
1060 2523 1118 2542 om.
1140 2515 1251 2551 bcqs'g‚-
1276 2516 1314 2541 sb.
1337 2516 1450 2542 malam
1472 2516 1572 2551 beeth,

255 2547 369 2574 malum
391 2547 502 2579 σείει-ί,-
530 2548 567 2574 ib.
591 2548 777 2576 ministravit
805 2550 908 2582 ceteri,
936 2558 1015 2577 corr.
1039 2550 1069 2577 sn
1098 2550 1239 2585 figuravit
1266 2550 1301 2577 d:
1328 2551 1365 2576 ib.
1388 2550 1572 2578 scissionem

254 2582 295 2609 al.
315 2590 354 2609 my
375 2581 403 2609 h.
513 2581 548 2609 13.
577 2583 660 2618 regni
687 2584 773 2620 bdflz,
801 2593 882 2611 corr.
905 2585 935 2612 1⁴71
958 2585 999 2612 rei
1020 2593 1050 2618 a,
1080 2593 1207 2619 regnum
1228 2593 1260 2620 g.
1290 2585 1330 2612 rei
1352 2585 1388 2617 ci,
1418 2594 1523 2620 regum
1545 2594 1570 2613 e.

256 2617 295 2643 16.
317 2617 474 2644 carciones
493 2617 596 2652 hcefg.
664 2626 706 2652 19.
729 2619 782 2646 Vel
805 2619 897 2655 igitur
916 2620 1019 2647 cetert'-
1088 2627 1130 2647 22.
1154 2621 1272 2647 salvare
1292 2620 1416 2655 abcesg,
1438 2628 1519 2647 corr.
1541 2621 1571 2648 in

254 2659 362 2678 sanare
382 2652 411 2678 d.
490 2659 536 2685 24.
559 2652 726 2688 requireret
746 2654 808 2685 cdl,
829 2662 910 2681 corr.
926 2663 964 2682 ex
985 2654 1112 2689 requirit
1133 2655 1161 2688 d,
1184 2654 1348 2690 requirerit
1367 2663 1397 2688 a,
1442 2655 1574 2690 uerus.-

254 2686 383 2721 requirit
412 2687 516 2714 ceteri.
643 2695 689 2721 24.
721 2688 855 2716 fructum
881 2705 915 2708 —
941 2691 987 2716 26.
1019 2689 1136 2716 minist.
1164 2697 1221 2716 om.
1249 2689 1374 2726 abcefg,
1404 2663 1446 2717 cii.
1476 2698 1512 2718 m.
1542 2691 1570 2718 d.

253 2729 300 2754 24,
321 2720 363 2748 25.
384 2725 565 2756 compotum
587 2722 614 2748 h.
687 2722 732 2750 28.
753 2724 859 2751 leviori
883 2724 986 2759 precio
1007 2732 1031 2751 c.
1097 2731 1142 2758 29.
1165 2724 1294 2751 Indubic
1314 2725 1430 2756 ceteri‚-
1449 2725 1486 2751 ib.
1509 2733 1569 2752 non

253 2763 311 2783 om.
331 2755 432 2791 bcesg,
452 2756 534 2782 alm.
549 2756 599 2784 ad.
671 2756 718 2785 30.
739 2758 835 2785 effect.
856 2766 937 2785 corr.
954 2759 985 2786 in
1006 2758 1171 2786 efficienter
1186 2759 1223 2791 d,·
1242 2759 1279 2785 ib.
1302 2759 1378 2786 deus
1391 2767 1450 2786 om.
1466 2760 1569 2795 bccffg,

252 2791 292 2817 al.
314 2798 352 2817 m-
373 2790 434 2823 ad,·
463 2790 501 2818 ib.
528 2799 574 2824 ep.
603 2790 657 2818 inf.
685 2793 789 2820 ceteri.
881 2792 924 2820 32.
947 2793 1065 2828 precise
1085 2794 1115 2828 Ιι,
1137 2801 1218 2820 corr.
1241 2801 1278 2820 ex
1299 2801 1429 2828 persone
1449 2795 1477 2829 d,
1501 2803 1570 2830 per-

253 2824 375 2860 sones,
398 2832 452 2860 per
473 2833 504 2852 se
524 2825 629 2853 ceteri.

326 2909 375 2942 13.
392 2908 535 2941 Joannis
550 2909 654 2951 Opp.,
671 2910 747 2942 t.V1
767 2910 801 2942 in
815 2910 942 2953 Migne,
961 2910 1167 2953 Patrologia‚
1187 2911 1305 2943 Patres
1320 2911 1453 2951 Graeci,
1472 2918 1495 2943 t.
1513 2910 1567 2944 56.

1407 2967 1427 3000 6

1820 275 1863 310 81

1621 395 1685 422 The
1708 397 1847 431 bishop‘s

1596 430 1716 457 ot‘ticcrs
1736 439 1786 458 are
1807 432 1871 458 said

1630 470 1661 492 to
1684 466 1721 492 bu
1764 466 1841 493 their

1689 500 1723 527 os
1744 509 1786 529 ce.
