2002 3359
214 277 287 312 116

986 282 1324 315 ARGUMENTUM.

499 391 719 440 temporale
753 390 996 439 stipendium
1031 389 1166 438 gracia
1199 389 1338 427 salutis
1371 389 1509 439 populi
1544 403 1663 440 quem
1699 390 1808 427 edifi-

498 460 602 496 cant,
637 458 887 486 commutant
923 448 1161 485 elemosinas
1197 448 1393 495 ordinate,
1428 458 1464 486 et
1503 462 1545 485 ex
1580 448 1664 486 istis
1700 449 1806 485 elicit

498 509 668 556 primam
693 507 990 545 conclusionem
1011 508 1120 555 quod
1139 506 1367 555 quicunque
1387 506 1556 544 clericus
1579 506 1807 544 intencione

497 567 574 603 alia
608 567 667 603 vel
700 578 886 602 mensura
919 565 1240 602 benedictionem
1273 565 1415 613 recipit
1449 578 1470 602 a
1505 566 1654 613 populo
1685 577 1804 613 quam

497 624 632 671 gracia
674 623 936 672 spiritualiter
976 623 1190 660 edificandi
1229 624 1426 672 populum
1460 623 1716 671 symoniacus
1749 626 1839 660 est5

498 684 738 729 censendus3
790 683 1007 719 secundam
1062 683 1170 730 quod
1215 681 1445 730 quicunque
1491 681 1703 730 episcopus
1747 681 1807 717 vel

497 749 658 777 curatus
681 741 742 777 vel
764 740 961 788 presbiter
983 741 1330 788 preponderanter
1353 739 1497 788 accipit
1520 740 1641 776 talem
1658 748 1803 776 statum

497 808 661 847 propter
684 800 878 835 honorem
900 799 961 835 vel
985 800 1200 834 comodum
1224 799 1446 846 temporale
1470 807 1527 834 est
1550 797 1806 846 symoniacus

497 866 533 893 et
566 857 764 894 hereticus
796 869 1038 905 permanens
1072 855 1112 892 in
1135 856 1203 892 illa
1227 856 1356 892 heresi
1380 869 1500 905 quam
1527 856 1595 892 diu
1619 855 1806 892 inhabilis

496 917 545 952 ad
585 928 702 952 suum
741 915 918 952 officium
958 915 1172 951 servaverit
1205 914 1317 950 illurn
1351 923 1520 961 statum3
1570 923 1606 950 et
1637 913 1803 951 terciam
1826 927 1864 947 10

497 973 798 1010 conclusionem
823 973 957 1017 adicit,
982 974 1091 1021 quod
1116 972 1324 1020 religiosus
1347 984 1553 1009 assumens
1569 972 1803 1020 dignitatem

495 1033 555 1068 vel
587 1031 770 1068 ordinem
805 1031 972 1076 abbatis,
1015 1030 1171 1078 prioris,
1207 1029 1412 1077 dignitatis
1444 1031 1505 1066 vel
1537 1031 1683 1078 gradus
1716 1029 1803 1066 reli-

496 1090 625 1137 gionis
681 1089 975 1137 possessionate
1031 1089 1091 1125 vel
1147 1088 1460 1136 exproprietarie
1505 1089 1592 1136 plus
1639 1096 1804 1136 propter

496 1148 733 1195 dignitatem
767 1156 835 1184 aut
868 1146 1176 1196 prosperitatem
1214 1147 1459 1183 mundanam
1490 1159 1612 1194 quam
1639 1154 1804 1193 propter

496 1205 755 1243 devocionem
796 1206 833 1241 in
874 1217 1051 1254 paupere
1083 1204 1176 1247 vita,
1225 1213 1264 1240 ut
1300 1206 1494 1240 mundum
1529 1206 1699 1245 deserat,
1747 1213 1803 1239 est
1826 1204 1859 1237 15

496 1266 724 1309 anathema,
771 1264 865 1312 quia
909 1263 1164 1311 symoniacus
1213 1271 1249 1298 et
1289 1262 1488 1298 hereticus
1528 1261 1567 1297 in
1606 1261 1801 1309 ingressu.

496 1324 550 1358 Ex
594 1322 738 1371 quibus
777 1321 980 1358 concludit
1018 1320 1212 1357 corelarie
1244 1333 1365 1369 quam
1400 1319 1617 1356 intoxicata
1663 1328 1700 1356 et
1742 1331 1802 1356 ex-

497 1380 753 1417 comunicata
804 1389 895 1416 sunt
941 1392 1061 1427 regna
1107 1391 1177 1427 per
1221 1379 1398 1426 prelatos
1444 1377 1654 1424 hereticos,
1708 1377 1802 1426 quia

495 1438 763 1487 symoniacos,
805 1448 842 1474 et
874 1438 1011 1474 omnia
1043 1449 1189 1485 genera
1221 1438 1491 1482 sacerdotum,
1527 1445 1563 1473 et
1595 1436 1801 1484 quomodo

497 1510 634 1533 eorum
669 1495 902 1533 benediccio
936 1505 972 1533 et
1006 1494 1255 1531 ministr-acio
1287 1503 1405 1531 nocet
1438 1494 1581 1543 regnis.
1617 1494 1802 1531 Secundo
1818 1505 1859 1526 20

496 1554 772 1603 principaliter
809 1554 932 1591 obicit
965 1563 1106 1590 contra
1139 1553 1455 1601 descripcionem
1490 1552 1698 1601 propriam
1731 1564 1802 1599 per

496 1615 571 1650 hoc
610 1614 718 1661 quod
756 1626 837 1649 non
869 1612 961 1648 licet
993 1611 1149 1660 precari
1182 1624 1255 1659 pro
1287 1620 1646 1660 quantumcunque
1679 1609 1799 1646 habili

496 1673 543 1707 ad
579 1670 819 1707 beneficium
855 1669 1169 1707 ecclesiasticum
1204 1670 1525 1717 promovendum
1555 1677 1593 1705 et
1615 1680 1686 1716 per
1709 1680 1802 1704 con-

495 1741 666 1778 sequens
690 1738 926 1777 patronatus
949 1728 1225 1776 superflueret,
1251 1736 1287 1763 et
1310 1727 1425 1764 solvit
1448 1739 1612 1763 movens
1635 1725 1799 1762 dubium

495 1787 527 1823 si
566 1787 825 1824 beneficiatus
865 1786 1095 1834 symoniace
1134 1793 1292 1821 tenetur
1325 1784 1563 1822 beneficium
1599 1783 1801 1820 dimittere
1818 1785 1857 1817 25

495 1846 603 1893 quod
643 1845 841 1890 declarat;
888 1844 1044 1880 dubitat
1082 1844 1258 1880 secundo
1291 1843 1323 1879 si
1357 1843 1449 1880 licet
1482 1841 1698 1891 prelaciam
1734 1854 1801 1889 ap-

496 1912 630 1951 petere
664 1912 700 1939 et
734 1901 933 1950 dissolvit3
967 1901 1123 1938 dubitat
1155 1900 1294 1947 tercio,
1327 1901 1359 1937 si
1391 1901 1483 1937 licet
1516 1900 1626 1937 adire
1649 1899 1799 1936 curiam

498 1964 719 1998 Romanam
772 1973 845 2007 pro
898 1959 1093 1997 beneficio
1147 1959 1417 1996 ecclesiastico
1470 1957 1721 2006 acquirendo
1766 1966 1803 1994 et

496 2019 687 2056 dissolvit.
720 2019 864 2056 Tercio
897 2018 1019 2054 obicit
1042 2017 1319 2066 principaliter
1342 2030 1412 2065 per
1434 2018 1511 2054 hoc
1535 2018 1643 2064 quod
1671 2015 1802 2052 omnis

495 2078 677 2125 symonia
715 2077 872 2114 videtur
911 2089 995 2113 esse
1027 2088 1128 2124 opus
1161 2075 1441 2122 extrinsecum,
1486 2086 1566 2111 non
1599 2074 1861 2111 voluntas230

497 2135 710 2172 confirmat
742 2135 953 2183 tripliciter
986 2147 1031 2171 ac
1065 2134 1257 2170 dissolvit.

554 2193 785 2242 Capitulum
838 2192 1007 2229 tercium
1059 2192 1189 2240 arguit
1240 2193 1348 2240 quod
1398 2204 1504 2239 papa
1547 2202 1627 2226 non
1671 2197 1802 2236 potest

497 2251 706 2288 comittere
751 2250 976 2299 symoniam
1024 2259 1061 2286 et
1100 2251 1316 2298 respondet
1355 2250 1564 2286 declarans
1602 2247 1709 2295 quod
1747 2245 1802 2282 sic

498 2309 664 2346 faciliter
696 2310 756 2345 vel
791 2308 994 2345 extollitur
1027 2320 1148 2356 super
1181 2309 1299 2344 deum
1334 2316 1372 2343 et
1405 2307 1584 2343 declarat
1617 2313 1697 2341 tres
1719 2303 1803 2340 vias

497 2367 639 2415 quibus
673 2376 802 2416 potest
836 2366 1045 2404 comittere
1077 2365 1301 2414 symoniam
1335 2377 1459 2413 papa;
1492 2372 1657 2412 propter
1689 2374 1801 2398 suam
1820 2365 1858 2397 35

496 2425 700 2473 propriam
749 2424 1031 2461 excellenciam
1072 2424 1309 2471 dignitatem
1351 2422 1459 2459 illam
1501 2420 1800 2457 monarchicam

497 2483 741 2529 affectamio;
766 2484 943 2520 secundo
967 2482 1212 2519 tradiciones
1235 2480 1311 2529 legi
1336 2480 1398 2517 dei
1423 2479 1646 2517 contrarias
1671 2477 1803 2515 multi-

566 2650 595 2674 4.
618 2641 684 2668 ben.
709 2649 731 2667 r.
752 2648 767 2667 a
790 2649 818 2675 p.
839 2640 881 2667 al.
902 2647 939 2667 m.
959 2647 988 2673 a,
1009 2647 1067 2666 om.
1088 2637 1129 2675 qs.
1204 2639 1232 2664 Γ».
1248 2637 1380 2664 velante
1394 2645 1457 2664 cur.
1473 2644 1531 2664 om.
1547 2636 1602 2671 esi.
1675 2643 1700 2670 7.
1717 2642 1802 2670 prep.

496 2677 536 2703 al.
556 2684 595 2703 m.
615 2683 698 2703 corr.
720 2683 756 2702 ex
776 2675 812 2702 ad
835 2674 1014 2710 papandum
1034 2681 1065 2704 α,
1092 2673 1128 2700 ad
1152 2673 1330 2708 pupandum
1351 2672 1382 2699 in
1402 2671 1549 2707 scriptum
1578 2678 1604 2703 e,
1633 2677 1804 2708 preponen-

497 2712 554 2737 dus
586 2711 646 2739 bce.
679 2718 760 2737 corr.
786 2709 817 2736 in
845 2708 1108 2744 preponderanter
1134 2716 1175 2744 g;
1210 2707 1248 2734 ib.
1276 2711 1376 2734 autem
1404 2714 1466 2733 acc.
1497 2707 1557 2739 hee,
1590 2704 1707 2740 accepit
1733 2704 1804 2742 fig,-

498 2744 535 2773 13.
556 2753 702 2780 expropr.
723 2752 804 2771 corr.
827 2744 856 2771 in
878 2752 913 2771 ex
934 2743 1128 2779 prepositura
1148 2750 1178 2776 α,
1200 2741 1447 2777 exproprietatur
1468 2749 1494 2772 c,
1515 2739 1803 2777 exproprietacios,

496 2780 728 2815 exprepositura
750 2779 770 2806 ι’.
872 2779 907 2806 15.
930 2778 1065 2805 mundus
1084 2777 1123 2804 εἰ.
1222 2785 1260 2812 ¹7-
1281 2776 1423 2803 conclud.
1450 2783 1532 2803 corr.
1554 2782 1592 2802 ex
1617 2773 1758 2801 concedit
1775 2780 1805 2804 α,

496 2814 635 2842 concedit
655 2814 711 2849 cfsi.
767 2814 808 2845 ιδ’,
830 2821 871 2848 ¹9-
893 2817 920 2840 et
941 2821 1019 2848 sym.
1040 2821 1072 2847 g,
1093 2819 1174 2839 corr.
1191 2812 1221 2838 in
1237 2811 1308 2846 quia
1327 2819 1356 2838 a.
1413 2818 1458 2838 20.
1474 2813 1562 2837 nocet
1575 2807 1630 2848 eft]2
1684 2815 1728 2835 22.
1743 2815 1803 2834 non

496 2857 554 2875 om.
575 2849 626 2879 bc,-
645 2849 684 2876 ib.
708 2849 824 2883 peccari
846 2856 870 2881 c,
891 2855 973 2874 corr.
995 2847 1025 2873 in
1046 2846 1163 2881 precari
1184 2855 1210 2873 e.
1289 2854 1336 2878 24.
1358 2844 1637 2879 stipertluerentjt.
1711 2841 1756 2869 28.
1778 2846 1805 2867 et

496 2891 553 2910 nm.
576 2884 654 2919 regi.
736 2883 773 2910 1⁴1.
795 2888 820 2909 et
843 2883 917 2910 diss.
940 2881 979 2914 cf.
1058 2880 1101 2908 33.
1123 2881 1204 2915 quod
1226 2896 1258 2899 ——
1278 2888 1325 2913 ia.
1348 2879 1372 2906 3.
1396 2879 1460 2907 rias
1480 2877 1593 2914 om.s;
1613 2876 1805 2915 respondens

497 2919 629 2947 declarat
651 2919 671 2946 i.
744 2918 789 2944 1th
813 2922 913 2951 propt.
937 2913 959 2943 κ’.
982 2925 1046 2942 cxc.
1068 2921 1095 2942 et
1117 2915 1274 2949 propriam
1297 2914 1379 2947 dIgn.
1397 2922 1461 2947 ng:
1481 2913 1518 2942 ib.
1542 2912 1751 2939 monarchiam
1775 2918 1803 2936 a.
