2002 3359
159 308 207 342 62
882 308 1103 338 JOHANNJS
1130 308 1313 338 WYCLIF
1587 296 1692 353 [CAP.
1714 306 1751 332 V.

505 416 667 451 Candor
700 423 832 450 autem
869 414 977 461 lepre
1011 413 1140 461 signat
1174 415 1391 450 candorem
1426 415 1640 462 ippocrisis
1674 429 1753 463 quo

446 473 484 508 in
508 472 636 508 oculis
660 472 838 507 fidelium
862 471 1054 507 simulant
1077 471 1352 513 sanctitatem:
1388 481 1423 508 et
1447 486 1468 509 a
1491 473 1624 520 primo
1649 487 1753 521 papa

446 530 678 578 symoniaco
722 542 849 577 usque
894 531 944 566 ad
982 528 1245 565 novissimum
1286 531 1334 566 de
1372 531 1639 577 generacione
1678 531 1753 567 ista

446 601 584 624 omnes
607 588 785 635 percussi
809 595 900 623 sunt
924 587 1037 635 quasi
1065 586 1419 624 irremediabiliter
1442 588 1517 625 ista
1547 589 1669 636 lepra.
1706 591 1752 625 Et

445 646 500 682 sic
546 646 655 694 prius
701 645 842 693 dignos
887 644 1152 693 indignificat,
1194 659 1274 681 non
1313 656 1524 694 promovet
1557 648 1625 682 sed
1659 652 1785 684 con-5

445 706 651 752 dempnat,
686 712 722 739 et
756 716 801 740 eo
835 703 993 751 gravius
1022 717 1142 752 quam
1175 704 1279 750 Gesi,
1313 718 1393 753 quo
1426 714 1617 753 tanquam
1653 706 1752 741 alter

444 763 539 797 deus
584 761 775 798 iustificat
819 762 1010 798 blasfeme
1054 771 1264 809 peccatum
1311 762 1577 810 periculosius
1612 772 1750 799 contra

444 819 665 865 Christum,
707 828 744 855 et
783 819 839 855 sic
878 821 925 855 de
965 819 1080 856 bonis
1119 820 1298 867 ecclesie,
1339 833 1419 856 non
1459 820 1551 867 suis,
1597 821 1752 857 furatur

444 890 599 914 summe
632 877 825 925 sacrilege
858 886 1066 926 tamquam
1101 877 1316 926 precipuus
1350 878 1620 915 antichristus.

171 949 300 986 Simouy
320 958 353 989 ³5.
374 954 404 977 to
420 985 427 989 ἢ
501 938 550 971 Et
573 944 767 984 quantum
785 937 834 972 ad
851 936 1004 984 primos
1020 936 1171 972 fructus
1194 936 1492 984 prepositorum
1518 945 1749 973 nostrorum
1771 952 1809 973 10

154 990 372 1055 (l'ladn'ssgjl‘ssffiehssg
391 988 423 1048 ξιξ
444 1007 615 1042 quorum
651 993 822 1030 collacio
856 1006 900 1030 ex
933 995 1073 1030 eodem
1098 995 1207 1030 fonte
1230 1004 1494 1042 processerat,
1519 996 1623 1031 ultra
1647 994 1749 1031 vires

216 1055 366 1091 England.
443 1051 624 1088 nituntur
647 1052 714 1100 qui
737 1052 875 1088 volunt
899 1064 1086 1088 excusare
1114 1052 1213 1088 illud
1243 1065 1264 1088 a
1296 1052 1529 1100 symoniaca
1552 1053 1749 1101 pravitate

449 1123 459 1145 1
500 1110 710 1158 questione
752 1110 769 1145 3
807 1122 893 1158 cap.
941 1110 983 1145 Si
1025 1110 1107 1158 quis
1151 1110 1350 1150 obiecerit,-
1394 1120 1444 1156 et,
1489 1113 1597 1159 quod
1643 1112 1749 1147 dete-

442 1169 628 1204 standum
672 1176 742 1213 est,
782 1167 938 1204 tamdiu
978 1176 1014 1204 et
1054 1168 1171 1216 longe
1205 1168 1360 1204 diucius
1394 1177 1533 1217 patens
1566 1168 1750 1217 symonia

443 1239 521 1274 quo
567 1227 618 1262 ad
663 1234 856 1274 patronos
902 1235 939 1261 et
983 1238 1076 1262 suos
1130 1225 1296 1263 clericos
1341 1227 1413 1262 fuit
1458 1227 1662 1263 defensata
1710 1226 1806 1265 in15

441 1284 596 1331 Anglia.
652 1283 839 1332 Aliquam
889 1292 1025 1320 tamen
1070 1285 1373 1321 excusacionem
1424 1286 1543 1321 habet
1588 1285 1627 1320 in
1673 1284 1749 1320 illis

442 1343 517 1378 hoc
554 1341 722 1378 vicium:
769 1342 901 1390 primo
935 1342 1028 1390 quia
1066 1355 1146 1378 non
1178 1344 1354 1379 vendunt
1394 1342 1632 1379 beneficium
1676 1355 1748 1390 pro

441 1400 581 1447 primis
625 1400 820 1436 fructibus
864 1409 907 1436 ut
946 1400 1115 1448 priores,
1161 1402 1230 1437 sed
1275 1409 1465 1449 tanquam
1515 1401 1660 1448 legales
1707 1413 1749 1436 ex

441 1458 697 1495 heresiarcha
729 1459 885 1506 prelato
920 1457 1278 1495 confirmacionem
1313 1458 1529 1507 accipiunt.
1565 1459 1748 1494 Secundo

440 1517 590 1564 populo
634 1525 851 1564 suggerunt
894 1516 986 1553 licet
1030 1516 1139 1562 false,
1189 1518 1296 1565 quod
1349 1517 1433 1553 sine
1485 1517 1561 1552 illis
1609 1516 1748 1564 primis
1766 1533 1807 1554 20

440 1574 633 1610 fructibus
674 1588 754 1611 non
793 1584 955 1622 possent
999 1574 1192 1622 perficere
1237 1574 1413 1611 officium
1462 1575 1516 1611 eis
1554 1574 1746 1617 attinens,

439 1634 544 1668 unde
599 1646 679 1669 non
727 1632 955 1680 symoniace
1008 1633 1180 1669 reddunt
1233 1633 1471 1670 beneficium
1526 1632 1745 1680 spirituale,

439 1692 506 1726 sed
559 1691 895 1738 predicacionem,
950 1690 1246 1727 correccionem
1306 1699 1342 1727 et
1394 1691 1472 1727 alia
1523 1690 1748 1738 spiritualia

440 1748 653 1785 carismata
685 1758 878 1796 tanquam
913 1748 1083 1784 humiles
1116 1748 1218 1784 servi
1242 1748 1389 1785 Christi
1424 1758 1460 1785 et
1483 1748 1634 1796 populi.
1670 1750 1746 1784 Sed

439 1806 622 1854 relinquo
661 1807 812 1855 populo
852 1806 1165 1854 occupacionem
1200 1806 1463 1843 convincendi
1501 1806 1598 1842 illud
1638 1812 1804 1844 men-25

439 1864 610 1900 dacium.
644 1865 824 1901 Videnda
870 1873 926 1900 est
967 1864 1101 1912 itaque
1149 1864 1278 1901 forma
1325 1877 1347 1901 a
1381 1866 1497 1901 Petro
1537 1873 1573 1900 et
1607 1864 1747 1900 ceteris

438 1922 642 1970 apostolis,
676 1924 894 1959 secundum
929 1935 1049 1971 quam
1074 1923 1218 1958 debent
1240 1923 1422 1959 laborare
1454 1922 1495 1958 in
1517 1923 1687 1970 populo3
1712 1931 1749 1958 et

437 1982 656 2016 secundum
695 1980 971 2017 necessitatem
1012 1980 1117 2016 illius
1154 1980 1303 2016 laboris
1341 1994 1414 2028 pro
1453 1993 1492 2016 se
1524 1980 1749 2017 voluntaria

439 2038 697 2075 emolimenta
734 2038 860 2086 plebis
905 2038 1122 2086 accipiant:
1169 2051 1249 2074 non
1294 2040 1342 2074 ad
1380 2039 1624 2086 voluptatem
1666 2051 1750 2074 car-

438 2097 583 2139 nalem,
616 2110 696 2133 non
730 2098 779 2133 ad
812 2106 1091 2144 sumptuosum
1126 2097 1276 2132 cultum
1311 2096 1571 2142 mundialem,
1605 2109 1677 2132 nec
1700 2098 1748 2132 ad
1766 2102 1808 2134 30

437 2153 676 2190 familiarem
716 2163 1007 2191 commutatum
1046 2154 1308 2202 superfluum,
1348 2155 1416 2190 sed
1449 2155 1638 2202 adaptent
1671 2163 1750 2190 stu-

438 2212 562 2259 dium,
602 2225 723 2260 quam
765 2213 966 2248 fructuose
1006 2213 1139 2261 quoad
1172 2212 1355 2260 spiritum
1390 2221 1427 2248 et
1460 2225 1579 2260 quam
1613 2211 1750 2248 leviter

438 2278 474 2306 et
521 2270 672 2306 abiecte
719 2271 851 2318 quoad
900 2271 1093 2306 mundum
1148 2279 1315 2318 possunt
1361 2269 1553 2318 perficere
1602 2269 1748 2306 Christi

436 2327 626 2364 officium.

176 2413 227 2440 111.
249 2413 393 2440 pscoenoe
493 2385 635 2421 Tereia
697 2385 842 2422 ficticia
904 2395 960 2422 est
1023 2385 1195 2422 hominis
1249 2385 1317 2433 qui
1375 2385 1574 2421 extollitur
1631 2391 1806 2433 super35

216 2448 350 2475 matthe
435 2456 554 2479 omne
586 2444 694 2491 quod
728 2443 873 2479 dicitur
896 2445 1011 2488 deus,
1046 2443 1195 2480 scilicet
1219 2444 1327 2491 quod
1359 2456 1464 2491 papa
1495 2443 1679 2480 licenciat
1713 2452 1750 2480 et

166 2488 404 2553 ,ἓὲἥῗὶἳὲῗῃῗὲζ

164 2554 234 2589 they
254 2554 329 2580 have
350 2553 400 2580 the

229 2589 335 2636 pope's
506 2612 524 2630 1.
547 2603 677 2630 nitorem
695 2612 755 2639 pro
770 2603 859 2630 caud.
881 2606 985 2630 retem.
1042 2611 1067 2630 2.
1090 2603 1272 2641 similantfi¹
1330 2611 1359 2636 4.
1381 2611 1464 2630 omn.
1481 2602 1532 2638 qui
1548 2610 1628 2638 perc.
1646 2601 1749 2629 celeri.

199 2623 364 2659 nummu-V·
434 2638 457 2665 5.
479 2642 507 2664 et
527 2646 587 2665 non
607 2638 693 2671 ahgi.
773 2639 800 2665 6.
823 2637 892 2665 ideo
913 2646 997 2673 grav.
1019 2638 1142 2674 abcesfg.
1227 2642 1255 2671 ι),
1276 2646 1302 2672 7.
1325 2638 1402 2664 alius
1423 2638 1499 2665 deus
1519 2638 1539 2665 i.
1625 2645 1661 2664 11.
1684 2645 1750 2671 pre-

435 2677 570 2699 cesserat
590 2673 660 2709 [τίς.
753 2680 791 2700 12.
819 2673 861 2700 ill.
883 2681 985 2700 excus.
1007 2673 1114 2708 acqsg.
1208 2671 1244 2699 11³.
1272 2673 1283 2699 I
1305 2688 1336 2691 —
1357 2672 1504 2699 obiecerit
1525 2675 1598 2699 ante
1618 2679 1749 2707 quorum

435 2707 561 2734 collacio
584 2703 625 2735 (in
646 2715 670 2734 v.
694 2708 733 2741 11)
756 2708 873 2744 legitur
892 2708 922 2734 in
944 2708 1064 2738 ceteris.
1093 2708 1122 2734 in
1151 2715 1167 2733 e
1186 2707 1226 2734 al.
1248 2715 1297 2737 m.,
1322 2707 1418 2734 obiec.
1447 2715 1504 2734 om.
1531 2707 1615 2742 bcfg,
1642 2707 1683 2733 al.
1712 2714 1749 2733 m⁴

433 2741 505 2768 add.
521 2749 551 2776 a,
566 2742 700 2768 obiceret
713 2742 755 2769 di.
825 2751 865 2775 14.
881 2743 1032 2777 longeque
1046 2743 1066 2769 i.
1134 2749 1181 2768 20.
1198 2749 1275 2776 pape
1291 2746 1453 2776 suggerent
1468 2742 1497 2768 Ιι,
1564 2749 1603 2768 21.
1621 2746 1750 2775 possunt

434 2776 538 2802 celeri.
641 2784 687 2811 29,
703 2776 749 2803 30.
771 2778 964 2811 corporalem
984 2776 1105 2812 ahcdef.
1207 2775 1245 2803 31.
1273 2776 1456 2803 familiarem
1478 2776 1542 2809 cell,
1571 2776 1748 2803 famularem

435 2811 546 2843 celem}
577 2810 614 2836 ih.
648 2811 828 2838 comitatum
861 2811 946 2844 bede,
976 2810 1242 2838 communicatum
1266 2810 1322 2847 fg,
1354 2811 1384 2838 in
1417 2813 1499 2838 textu
1532 2813 1566 2837 ut
1587 2819 1619 2847 g,
1643 2810 1684 2837 al.
1711 2818 1749 2836 771.

436 2849 626 2872 comutatum
648 2853 686 2878 a‚·
706 2846 883 2873 comitatam
905 2846 931 2872 Ιι.
1006 2844 1048 2874 33.
1070 2845 1209 2872 licenciet
1229 2845 1248 2872 ι’.

513 2928 562 2959 13.
591 2928 693 2968 (λη-ρ.
722 2928 783 2958 iur.
811 2938 885 2959 can.
913 2938 941 2960 c.
969 2938 1000 2970 7,
1027 2938 1055 2959 c.
1088 2939 1114 2967 1,
1141 2938 1175 2969 q.
1204 2928 1220 2959 3
1250 2927 1454 2968 (Friedberg
1481 2928 1503 2967 l,
1529 2929 1624 2968 415¹).
