2002 3359
164 304 209 326 10
883 300 1105 331 JOHANNIS
1131 299 1315 330 WYCLIF
1607 287 1710 342 [CAP.
1732 295 1753 322 1.

445 407 607 443 dicitur:
655 406 907 454 ‘Quicunque
947 407 1103 442 volebat
1137 405 1303 452 implere
1348 418 1511 441 manum
1543 407 1754 442 Jeroboam

445 465 563 502 fiebat
596 466 782 501 sacerdos
816 464 1086 500 excelsorum.'
1128 466 1175 499 Et
1208 462 1406 511 sequitur:
1441 465 1621 511 ‘Propter
1655 465 1756 500 hanc

445 536 605 560 causam
641 524 782 559 domus
814 524 1025 559 Jeroboam
1062 534 1195 557 eversa
1229 530 1285 557 est
1319 530 1356 556 et
1380 522 1508 557 deleta
1541 523 1588 557 de
1621 534 1757 569 super-

446 581 532 617 ficie
577 581 706 617 terre*
753 581 867 616 Illum
913 593 1005 628 ergo
1049 588 1207 627 oportet
1240 578 1449 615 vendicare
1481 579 1756 615 vendicionem

445 639 663 675 sacerdocii
680 638 839 683 Christi,
856 638 923 686 qui
939 638 993 674 sic
1010 637 1231 674 vendicavit
1247 637 1523 673 vendicionem
1540 636 1757 673 sacerdocii
1776 641 1792 672 5

445 698 668 745 ydolorum.
703 699 750 732 Et
785 698 923 733 eadem
958 695 1230 732 consideracio
1264 703 1320 731 est
1353 696 1400 731 de
1433 695 1637 731 ordinibus
1671 694 1759 730 reli-

445 755 661 802 giosorum,
696 756 744 790 de
768 753 1090 791 universitatibus
1114 752 1354 799 studiorum,
1389 762 1426 789 et
1451 754 1498 789 de
1521 752 1759 789 inordinatis

446 812 834 849 commutacionibus
878 812 1123 860 privatorum
1170 810 1441 858 collegiorum.
1489 813 1531 847 In
1574 810 1758 847 omnibus

446 870 551 907 enim
575 870 658 907 istis
688 879 844 918 oportet
868 883 951 906 esse
983 869 1221 918 symoniam,
1257 882 1345 905 cum
1380 869 1601 905 exorbitant
1625 882 1646 905 a
1675 869 1760 915 lege

446 928 606 975 Christi,
653 937 689 965 et
721 928 776 965 sic
816 928 990 976 pravitas
1034 927 1265 975 symoniaca
1309 935 1364 963 est
1408 927 1449 963 in
1493 927 1546 963 eis
1593 927 1819 963 kalende10

198 992 386 1019 Simoniacal
446 986 737 1023 debilitacionis
777 988 836 1023 vel
876 986 988 1022 ruine
1028 986 1170 1021 future.
1205 987 1388 1033 Namque
1421 985 1522 1021 inter
1556 984 1761 1033 religiosos

169 1028 413 1096 ᾖῗῖξὲἷὲιξζῃᾞᾘὲ
447 1044 592 1081 dicitur
629 1046 733 1081 dona
767 1045 829 1081 dei
863 1043 1085 1092 spiritualia
1129 1043 1265 1079 illicite
1305 1043 1564 1088 commutari3
1603 1042 1643 1079 in
1676 1041 1761 1078 uni-

164 1097 194 1125 in
217 1096 422 1124 universitics.
447 1102 698 1139 versitatibus
737 1102 882 1138 dicitur
925 1103 1013 1149 plus
1051 1102 1210 1138 dolosos
1250 1101 1355 1137 circa
1394 1101 1619 1149 graciarum
1660 1113 1761 1136 mer-

447 1160 641 1206 caciones‚
676 1160 781 1197 circa
814 1161 924 1196 aulas
958 1169 993 1196 et
1026 1159 1103 1196 alia
1138 1159 1269 1195 media
1302 1159 1605 1204 communicari,
1638 1167 1680 1194 ut
1714 1159 1761 1194 de

447 1218 580 1267 pueris
630 1218 873 1266 pauperibus
925 1226 1103 1266 pretextu
1147 1217 1393 1253 vendicionis
1437 1216 1630 1265 peccunia
1674 1217 1818 1263 plus¹5

447 1277 612 1312 subdole
651 1277 699 1313 sit
740 1278 948 1319 exhausta;
994 1276 1033 1312 in
1072 1275 1236 1324 privatis
1275 1288 1368 1311 vero
1409 1274 1585 1323 collegiis
1619 1274 1763 1310 dicitur

448 1348 708 1383 personarum
743 1334 929 1382 accepcio
962 1343 999 1370 et
1028 1342 1236 1381 peccatum
1272 1333 1550 1370 edificancium
1585 1334 1691 1380 Syon
1723 1331 1763 1367 in

447 1392 705 1440 sanguinibus
755 1394 950 1429 laborare.
1004 1393 1050 1428 Et
1101 1405 1190 1427 cum
1242 1391 1377 1427 omnia
1427 1391 1501 1427 ista
1546 1390 1764 1426 dissolvunt

448 1450 629 1487 ordinem
664 1451 790 1487 sancti
830 1450 992 1498 spiritus
1033 1458 1069 1486 et
1108 1449 1162 1485 sic
1201 1462 1355 1497 pacem,
1396 1462 1555 1485 necesse
1590 1457 1645 1485 est
1678 1448 1764 1495 ipsa

448 1509 554 1545 iuxta
571 1508 845 1545 testimonium
863 1507 1008 1545 Christi
1026 1510 1132 1544 Luce
1155 1521 1163 1543 1
1184 1521 1192 1543 1
1217 1507 1400 1544 desolari.
1426 1507 1596 1553 ‘Omne,'
1621 1505 1763 1554 inquit,
1782 1519 1822 1539 20

448 1570 628 1614 ‘regnum
651 1567 690 1602 in
710 1580 750 1603 se
774 1566 942 1603 divisum
966 1565 1211 1602 desolabitur
1233 1574 1269 1601 et
1293 1566 1434 1601 domus
1457 1578 1577 1612 supra
1599 1566 1763 1600 domum

449 1626 589 1661 cadet.'
650 1626 749 1661 Cum
796 1625 900 1661 enim
945 1624 1106 1672 spiritus
1150 1632 1308 1659 sanctus
1353 1623 1560 1671 discipline
1606 1621 1765 1669 effugiet

451 1682 632 1729 ficticias,
677 1691 787 1730 patet
827 1684 934 1731 quod
973 1690 1131 1730 oportet
1171 1694 1292 1729 regna
1331 1681 1386 1717 sic
1419 1681 1458 1716 in
1491 1693 1531 1716 se
1565 1679 1688 1716 divisa
1722 1692 1764 1715 ex

450 1741 692 1777 consolantis
736 1740 922 1777 absencia
968 1739 1151 1776 desolari.
1198 1741 1245 1775 Et
1290 1752 1379 1775 cum
1423 1747 1583 1786 oportet
1628 1750 1765 1785 quem-

451 1812 619 1847 cunque,
653 1798 720 1846 qui
745 1798 947 1835 discordat
979 1811 1001 1834 a
1025 1799 1111 1843 deo,
1143 1797 1371 1833 discordare
1406 1796 1530 1832 eciam
1556 1809 1577 1832 a
1601 1808 1641 1831 se
1663 1795 1762 1842 ipso,
1782 1797 1821 1829 25

451 1865 559 1905 patet
593 1858 699 1904 quod
731 1869 810 1893 una
838 1855 992 1892 familia
1024 1868 1143 1903 super
1166 1854 1284 1891 aliam
1319 1863 1475 1890 corruet
1500 1863 1536 1890 et
1560 1855 1764 1889 destruent

450 1928 534 1951 sese
574 1914 790 1962 reciproce.
835 1916 883 1950 Et
927 1913 982 1950 sic
1032 1912 1155 1949 nichil
1198 1913 1286 1960 plus
1326 1912 1492 1948 destruit
1539 1919 1764 1947 contractus

452 1982 487 2010 et
528 1985 662 2020 regna,
707 1985 843 2020 ymmo
876 1971 1005 2019 ipsum
1042 1970 1405 2015 Christianismum,
1451 1982 1571 2017 quam
1617 1968 1764 2005 heresis

451 2030 695 2079 symoniaca,
730 2030 823 2078 quia
847 2029 949 2066 tollit
972 2029 1148 2077 graciam
1182 2028 1344 2076 spiritus
1377 2027 1515 2073 sancti,
1550 2039 1620 2074 per
1642 2039 1761 2075 quam

452 2088 781 2125 continuarentur
809 2089 988 2124 membra
1019 2088 1067 2124 ad
1097 2086 1265 2123 invicem
1290 2095 1326 2122 et
1351 2099 1439 2122 cum
1466 2085 1637 2122 Christo.
1671 2085 1762 2120 Ideo
1780 2086 1821 2117 30

452 2147 556 2183 idem
591 2155 647 2182 est
680 2146 878 2182 seminare
911 2145 1081 2182 heresim
1115 2144 1155 2180 in
1187 2146 1291 2181 bona
1324 2143 1612 2180 communitate
1646 2151 1682 2178 et
1715 2143 1763 2178 ab

451 2214 538 2241 orto
583 2203 749 2240 herbido
794 2205 1003 2240 humorem
1048 2203 1294 2248 subtrahere,
1340 2211 1376 2238 et
1409 2214 1478 2249 per
1517 2213 1763 2248 consequens

453 2262 535 2299 eius
566 2261 741 2298 virencia
780 2263 984 2298 destruere
1027 2261 1067 2297 in
1111 2260 1264 2306 radice3
1310 2268 1346 2296 et
1378 2259 1433 2296 sic
1471 2272 1516 2295 ve
1560 2257 1679 2306 genti,
1719 2270 1763 2294 ve

452 2321 539 2356 loco
563 2328 600 2356 et
622 2332 667 2356 ve
690 2319 856 2365 homini,
891 2319 957 2367 qui
990 2318 1146 2355 nittitur
1178 2318 1218 2354 in
1248 2316 1535 2354 communitate
1567 2315 1763 2353 seminare

454 2377 622 2414 heresim
657 2377 944 2426 symoniacam,
978 2377 1188 2413 defendere
1220 2377 1280 2412 vel
1313 2375 1456 2411 fovere.
1777 2374 1818 2406 35

223 2451 377 2479 Goodwin
513 2437 679 2472 Possunt
713 2435 816 2472 enim
842 2435 926 2471 fieri
950 2434 1129 2471 raciones
1153 2435 1200 2470 ad
1226 2434 1502 2470 detestandum
1528 2433 1628 2468 hanc
1653 2432 1763 2467 here-

163 2495 276 2521 among
292 2494 358 2513 ”¹⁶¹¹
381 2494 435 2512 ⁶³¹¹
454 2493 526 2529 sim
551 2493 681 2541 primo
706 2506 749 2529 ex
773 2494 860 2539 hoc,
885 2494 992 2541 quod
1015 2491 1246 2540 inpossibile
1270 2500 1326 2527 est
1350 2503 1488 2538 pacem
1511 2490 1571 2526 vel
1593 2490 1761 2525 salutem

162 2523 233 2557 only
248 2529 337 2548 come
357 2522 435 2548 from

204 2555 350 2619 gogffijisslll
372 2559 401 2582 10
454 2552 591 2587 adesse
615 2551 856 2597 Christiano,
889 2550 963 2587 nisi
988 2563 1029 2587 ex
1052 2552 1157 2586 bona
1180 2550 1384 2586 voluntate
1416 2549 1465 2584 ad
1499 2547 1759 2583 mediatorem

520 2687 546 2714 7.
563 2687 624 2714 pro
646 2679 698 2706 de:
727 2683 755 2706 et
774 2679 908 2714 acclfgzss·
934 2679 972 2706 ih.
995 2678 1220 2706 universalibus
1240 2686 1273 2712 g,
1303 2677 1420 2704 vlitabus
1440 2684 1524 2704 corr.
1545 2684 1582 2703 ex
1609 2676 1709 2703 vlibns
1730 2683 1760 2703 a.

452 2723 492 2742 10.
509 2721 601 2740 cansa
621 2713 753 2740 tollendo
770 2722 831 2749 pro
852 2713 979 2741 kalende
999 2713 1020 2740 d
1038 2714 1079 2740 al.
1100 2721 1137 2739 m.
1212 2721 1244 2739 1¹.
1267 2711 1352 2739 ruine
1372 2711 1447 2738 alias
1470 2710 1623 2738 sentencie
1643 2710 1668 2741 b,
1695 2718 1760 2737 sen-

451 2747 548 2775 tencie
569 2756 625 2783 pro
647 2748 734 2775 ruine
753 2756 778 2775 e.
837 2756 875 2783 12,
896 2747 933 2775 13,
956 2747 1182 2775 universalibus
1202 2746 1292 2782 abfg.
1349 2754 1391 2773 22.
1412 2745 1522 2780 effigiet
1542 2753 1571 2772 α.
1628 2744 1671 2772 23.
1688 2744 1761 2771 ficti-

451 2783 529 2810 ciam
550 2782 571 2809 i.
626 2789 670 2817 27.
691 2786 846 2810 contratas
866 2783 895 2815 Ιι,
916 2786 1089 2809 contractas
1108 2782 1128 2808 i.
1184 2788 1231 2816 29.
1247 2785 1274 2808 et
1293 2781 1311 2807 Ιι
1330 2781 1439 2808 solum.
1512 2779 1554 2807 32.
1571 2780 1719 2807 honorem
1740 2778 1760 2805 i.

449 2817 497 2851 34.
517 2816 547 2844 in
568 2825 681 2844 comm.
703 2825 759 2844 om.
780 2817 808 2844 Ιι.
945 2815 990 2844 36.
1007 2825 1069 2853 pro
1089 2815 1170 2843 enirn
1191 2820 1291 2843 autem
1312 2815 1424 2848 ceteri;
1443 2814 1481 2841 ib.
1503 2814 1683 2841 struendum
1699 2821 1761 2848 pro

452 2852 558 2880 detest.
579 2851 599 2878 i.
620 2850 663 2886 37.
686 2851 736 2878 ubi
752 2860 814 2886 pro
835 2851 893 2879 nisi
914 2851 941 2878 Ιι.

524 2933 576 2958 20-
605 2923 687 2954 Luc.
720 2933 767 2963 11,
801 2933 849 2966 ¹7·
