2002 3359
201 279 372 337 CAP.111.]
712 293 771 324 DE
799 290 998 324 SIMONIA.
1750 285 1796 323 33

200 399 424 449 pertinente
457 413 536 448 quo
570 401 619 436 ad
653 400 771 436 deum
807 407 843 435 et
874 397 1159 435 ministratorie
1188 398 1238 434 ad
1260 398 1513 447 prosecucio-

200 471 291 495 nem
326 457 517 506 episcopi,
551 459 771 494 secundum
804 456 982 493 noscitur
1015 456 1290 505 principaliter
1312 457 1512 505 pertinere

200 518 249 552 ad
282 516 383 564 regis
416 516 605 553 officium.
641 517 717 552 Sed
750 528 815 551 rex
847 516 963 551 debet
986 515 1212 562 specialiter
1233 515 1440 563 providere
1464 516 1512 551 de
1639 523 1687 550 Α11
1710 558 1739 563 ..

200 574 352 611 cunctis
385 574 655 623 spectantibus
688 574 737 610 ad
771 572 853 609 eius
886 572 1078 619 officium,
1113 574 1160 610 de
1185 582 1335 621 quanto
1359 574 1408 610 ad
1432 574 1512 610 cul·
1527 559 1802 620 εξῗέἐρξζὲιζῇιῖῗιθ

167 634 183 667 5
200 641 283 668 tum
308 632 371 669 dei
394 633 580 681 pertinet,
603 641 646 668 ut
668 644 788 679 supra
810 631 887 667 dixi
911 643 953 667 ex
970 631 1198 667 testimonio
1215 631 1511 679 beatiGregorii
1569 627 1668 662 king's
1691 629 1764 655 rulo.

200 690 239 726 in
273 690 454 738 Registro
486 690 587 726 libro
621 700 664 736 23
706 702 797 736 ergo
830 701 968 737 regum
1003 698 1060 725 est
1093 689 1132 724 in
1165 689 1327 725 nomine
1360 689 1511 726 domini

200 748 337 796 exequi
361 749 615 785 dominanter
646 747 743 783 illud
775 747 968 785 officium.
1002 747 1126 783 Aliter
1150 747 1254 783 enim
1285 760 1349 783 rex
1370 747 1512 795 Anglie

199 819 278 843 non
312 807 412 843 foret
443 806 519 842 nisi
552 806 711 854 regulus
743 805 867 853 partis
891 805 1015 854 regni,
1050 814 1088 842 et
1111 807 1313 842 Romanus
1335 805 1511 853 pontifex

199 865 259 901 vel
311 864 535 901 evidencius
587 864 669 901 eius
714 863 1038 912 archiepiscopus
1090 864 1191 899 foret
1242 863 1424 911 superior
1475 871 1512 899 et

147 922 441 958 10fructuosior
484 922 669 958 dominus
714 921 823 970 regni
870 921 1014 967 nostri3
1069 923 1136 958 sed
1182 922 1257 958 hoc
1304 920 1511 969 inprobavi

199 980 309 1017 alias.
356 981 446 1017 Ideo
490 993 673 1028 suppono
719 981 825 1028 quod
871 992 935 1016 rex
980 988 1114 1016 noster
1146 980 1334 1016 donando
1367 979 1511 1027 cuique

199 1038 364 1075 ecclesie
409 1051 477 1075 sue
523 1038 759 1075 elemosinas
803 1050 1061 1086 quascunque
1109 1037 1275 1074 mobiles
1320 1037 1400 1074 sive
1438 1037 1511 1073 im-

200 1096 365 1133 mobiles
399 1105 571 1133 reservat
603 1096 676 1133 sibi
710 1096 880 1144 capitale
913 1095 1152 1142 dominium,
1192 1095 1287 1144 quia
1320 1095 1417 1132 alias
1451 1107 1512 1132 ex-

198 1154 396 1203 tingueret
440 1167 606 1203 regnum
651 1167 780 1192 suum.
833 1156 880 1190 Et
920 1163 1170 1202 assumptum
1212 1166 1256 1190 ex
1289 1155 1364 1190 hoc
1403 1162 1513 1201 patet
1558 1149 1766 1214 Tnheecreezsiziriio

145 1214 304 1261 15quod
337 1212 556 1260 spiritualis
589 1226 685 1249 cura
718 1221 848 1260 potest
880 1221 984 1249 stare
1017 1225 1088 1260 per
1120 1225 1160 1248 se
1193 1212 1276 1248 sine
1300 1211 1512 1248 dotacione
1574 1208 1748 1249 connexioii

197 1271 479 1319 temporalium
515 1280 552 1307 et
585 1279 762 1307 econtra.
807 1270 872 1306 Sic
905 1270 1011 1306 enim
1045 1270 1117 1306 fuit
1149 1279 1331 1317 tempore
1364 1269 1511 1307 Christi
1551 1256 1694 1319 ffit‘svgffs
1707 1265 1779 1319 2¹1³&

197 1338 235 1366 et
286 1330 561 1377 apostolorum
616 1338 652 1365 et
704 1328 771 1364 diu
824 1337 914 1376 post
967 1342 1091 1376 usque
1143 1329 1191 1364 ad
1238 1329 1444 1365 Urbanum
1485 1329 1510 1366 I.
1562 1326 1770 1354 endowment.

196 1396 238 1424 ut
261 1396 397 1424 narrat
421 1387 640 1424 Cesti-ensis
674 1387 775 1422 libro
799 1399 823 1432 4
857 1386 1033 1435 capitulo
1066 1388 1133 1432 48,
1168 1395 1205 1422 et
1238 1398 1281 1422 ex
1314 1395 1403 1434 post
1436 1394 1513 1422 stat

197 1445 355 1482 dotacio
379 1445 461 1482 sine
484 1444 681 1493 spirituali
702 1444 924 1481 ministerio
947 1454 1029 1481 tam
1054 1444 1093 1480 in
1116 1443 1277 1492 prelatis
1294 1443 1513 1480 maioribus

140 1514 317 1552 2¹)quam
353 1504 586 1550 minoribus,
631 1516 703 1539 nec
736 1503 976 1540 dissencient
1019 1502 1144 1539 nostri
1189 1501 1440 1539 subtiliantes
1474 1501 1513 1538 in

197 1562 331 1609 signis,
365 1562 432 1610 qui
466 1561 603 1599 dicunt
635 1574 676 1597 se
700 1562 874 1606 credere,
909 1562 1015 1609 quod
1039 1561 1079 1597 in
1102 1569 1353 1597 sacramento
1377 1559 1513 1597 altaris

198 1629 377 1657 remanet
399 1620 584 1656 accidens
607 1619 691 1655 sine
713 1619 904 1656 subiecto.
930 1621 1030 1656 Cum
1055 1631 1148 1667 ergo
1170 1632 1250 1655 non
1273 1620 1392 1655 datur
1414 1627 1513 1654 tem-

198 1679 333 1726 porale
351 1678 588 1714 beneficium
608 1677 776 1725 clericis,
800 1677 874 1714 nisi
898 1686 1062 1725 propter
1084 1690 1221 1714 eorum
1248 1676 1511 1713 ministerium

198 1736 417 1784 spirituale,
453 1745 560 1784 patet
593 1737 700 1784 quod
734 1748 872 1784 regum
906 1744 964 1772 est
997 1736 1231 1772 subtrahere
1263 1736 1372 1783 quod
1395 1747 1510 1770 suum

142 1793 181 1825 25
199 1803 256 1830 est
288 1794 497 1830 deficiente
526 1807 657 1840 causa,
689 1807 779 1830 cum
804 1807 875 1830 nec
899 1795 995 1830 deus
1018 1806 1090 1830 nec
1115 1794 1235 1829 homo
1257 1801 1391 1841 posset
1413 1792 1511 1828 illud

198 1852 272 1888 nisi
304 1852 638 1900 subintelligendo
671 1852 947 1889 condicionem
971 1851 1208 1900 implicitam
1233 1851 1385 1888 homini
1409 1849 1512 1899 quit-

199 1924 319 1959 quam
354 1912 461 1947 dare.
487 1912 753 1947 patronorum
785 1923 891 1959 ergo,
917 1919 953 1947 et
981 1910 1146 1946 omnino
1170 1922 1307 1957 regum
1339 1918 1396 1946 est
1419 1921 1512 1945 con-

199 1968 399 2005 dicionem
422 1969 540 2005 istam
567 1970 787 2016 attendere,
822 1969 915 2017 quia
947 1969 1167 2005 secundum
1202 1969 1277 2004 hoc
1308 1967 1512 2004 vinculum

199 2027 278 2063 duo
330 2026 493 2063 brachia
538 2026 702 2063 ecclesie
747 2036 838 2078 sunt
883 2039 1060 2063 connexa
1107 2034 1144 2062 et
1192 2025 1307 2062 aliter
1350 2024 1513 2061 indubie

143 2085 185 2117 30
200 2085 327 2121 clerus
360 2093 493 2133 posset
525 2086 575 2121 ad
607 2094 763 2122 tantum
797 2084 984 2131 subverti,
1029 2085 1137 2132 quod
1182 2084 1231 2120 ad
1275 2079 1524 2131 temporalia

199 2156 335 2191 grossa
378 2143 544 2180 omnino
591 2144 826 2189 attenderet,
874 2152 911 2179 et
943 2141 1167 2190 spiritualia
1205 2141 1362 2179 vivifica
1393 2139 1513 2177 nimis

199 2201 260 2238 vel
291 2201 333 2237 in
365 2210 449 2238 toto
482 2210 753 2250 postponeret.

271 2401 290 2421 1.
306 2401 368 2429 pro
390 2393 576 2429 pertinente:
600 2393 815 2429 particularem
837 2394 863 2426 b,
883 2394 1036 2429 pertinere
1056 2394 1075 2428 i,
1095 2394 1126 2421 in
1139 2396 1225 2421 textu
1240 2393 1402 2429 pertinere,
1417 2394 1460 2421 al.
1475 2400 1514 2421 m.

202 2429 371 2464 pertinente
391 2429 469 2461 adem
495 2429 533 2455 ili.
555 2428 777 2456 ministratorie
799 2429 865 2462 bell,
886 2429 1120 2456 ministracione
1140 2429 1246 2456 ceteri.
1331 2436 1357 2456 2.
1380 2427 1466 2456 nosci
1487 2433 1515 2455 et

197 2470 258 2498 pro
280 2463 419 2491 noscitur
437 2463 458 2490 i.
541 2471 568 2499 9.
591 2463 726 2498 archiep.
749 2472 822 2490 suus
843 2464 944 2490 ceteri.
1026 2472 1059 2495 ιι,
1081 2471 1119 2491 12.
1140 2464 1318 2499 circumque
1339 2463 1464 2491 ecclesie
1484 2463 1514 2490 Ιι,

203 2505 240 2525 12.
263 2497 388 2534 suasfi.
445 2497 483 2525 13.
505 2498 648 2534 aliterfi.
705 2498 741 2526 15.
757 2498 900 2533 quiapro
915 2498 997 2538 quod
1013 2507 1066 2535 ag.
1125 2499 1165 2526 16.
1187 2502 1215 2525 et
1235 2502 1360 2525 econtra
1380 2506 1438 2526 om.
1454 2498 1515 2525 blzi.

202 2532 243 2559 18.
265 2532 445 2560 Cesarensis
465 2541 521 2569 ag,
542 2541 608 2568 cap.
631 2531 668 2560 68
689 2534 791 2560 ceteri.
856 2541 902 2560 20.
924 2541 954 2560 in
977 2534 1050 2560 min.
1071 2534 1142 2566 bce;
1161 2533 1198 2560 ib.
1220 2537 1253 2560 ut
1266 2540 1329 2568 pro
1351 2541 1406 2560 nec
1426 2533 1454 2565 i;
1476 2533 1514 2560 ib.

202 2567 334 2594 dissenc.
354 2567 414 2594 isto
435 2568 496 2595 hee.
552 2567 594 2595 23.
616 2575 723 2595 eorum
744 2568 784 2594 al.
800 2576 837 2595 m.
853 2569 882 2598 d,
902 2575 960 2595 om.
983 2576 1016 2604 g.
1071 2569 1113 2596 25.
1136 2567 1283 2595 dominus
1298 2575 1361 2603 pro
1382 2568 1458 2595 deus
1478 2567 1516 2599 lt,-

202 2601 239 2628 ib.
262 2606 363 2637 potest
382 2603 485 2630 ceteri.
611 2603 656 2630 26.
679 2602 739 2629 nisi
760 2610 818 2629 om.
839 2603 922 2638 abes,
943 2604 985 2630 al.
1006 2611 1043 2630 m.
1065 2603 1094 2630 d.
1220 2601 1266 2630 30.
1288 2606 1390 2638 potest
1409 2602 1514 2630 ceteri.

201 2635 389 2698 {irogioiinbo
409 2637 450 2664 al.
467 2645 504 2664 m.
520 2637 556 2670 Ιι,·
578 2637 616 2664 ῐὸ.
633 2637 663 2664 in
678 2639 762 2664 textu
783 2637 882 2671 unica,
904 2637 944 2665 al.
961 2646 997 2664 m.
1020 2637 1152 2673 vincula,
1175 2637 1205 2664 in
1225 2644 1328 2674 marg.
1343 2636 1463 2679 vivifica
1476 2644 1516 2670 a;

272 2776 304 2808 6.
337 2777 389 2808 Cf.
415 2787 519 2819 supra
545 2787 622 2819 pag.
649 2788 680 2820 7,
705 2788 738 2810 v.
762 2788 798 2809 12
827 2785 860 2810 et
886 2785 1015 2810 notam.
1139 2778 1188 2810 18.
1223 2778 1417 2810 Cestrensis
1448 2778 1516 2809 Ra-

203 2823 355 2865 nulphus
373 2824 522 2865 Higden,
549 2824 740 2856 monachus
760 2825 964 2866 Cestrensis,
992 2824 1195 2867 appellatur.
1223 2825 1259 2856 In
1285 2825 1383 2857 cuius
1402 2825 1516 2867 ‘Poly-

203 2869 390 2910 chronic0'‚
422 2869 498 2901 libr.
523 2879 556 2911 4,
590 2880 663 2912 cap.
689 2880 731 2902 20
763 2871 909 2913 (Rerum
934 2872 1120 2903 Britannic.
1146 2871 1251 2903 Medii
1276 2872 1364 2904 Aevi
1390 2871 1514 2913 Script.

203 2916 290 2957 XLI,
315 2922 339 2948 t.
367 2915 397 2957 5,
423 2926 501 2959 pag.
527 2915 586 2959 66)
611 2916 731 2949 locum
755 2916 812 2949 hic
839 2918 980 2950 citatum
1007 2917 1177 2950 invenies.

1360 2975 1376 2996 9

1359 2993 1378 3011 Δ
