2002 3359
260 264 349 292 «ΑΡ.
371 253 424 308 xa]
778 267 835 297 luc
864 265 1062 296 smmum.
1807 258 1858 295 65

260 382 299 409 ut
353 374 509 418 ducem,
569 373 685 408 debet
740 371 859 409 vitam
918 385 1044 417 suam,
1104 371 1135 407 si
1188 371 1284 407 illud
1338 372 1572 408 excellenter
1614 381 1833 408 Clu-istendum

258 429 529 478 compleverit,
563 429 773 478 diligenter
812 431 1038 475 attendere3
1078 429 1108 465 si
1142 438 1275 466 autem
1315 431 1363 465 ab
1402 429 1478 466 isto
1511 441 1571 465 ex-
1605 415 1846 485 Ηζέοἱξζῖᾓροῇῇῖχ

258 488 445 534 1101111131,
479 489 594 525 debet
627 497 759 536 spreto
792 501 895 536 papa
928 488 1147 524 secundum
1182 488 1307 535 legem
1340 487 1429 524 fidei
1460 487 1571 535 sequi
1597 486 1775 547 1,*1ἳ’χῐχ·11(3ἳ
1797 483 1843 546 Ῐὲἕῐ

258 546 474 583 Christum.
500 545 610 583 Sicut
629 546 733 583 6111111
751 546 1016 593 tripudiantes
1039 547 1251 582 attendunt
1275 546 1394 593 pedes
1412 546 1572 582 coraule
1609 530 1625 545 υ
1652 530 1668 545 ⁰
1706 531 1718 545 ὃ
1749 528 1853 547 ΛΝ

226 609 299 641 5111
332 604 404 640 sihi
438 603 698 641 conformiter
731 613 978 650 moveantur,
1013 604 1068 640 sic
1097 603 1346 640 Christianus
1381 603 1573 641 exercitus

258 664 373 699 debet
418 662 655 699 affecciones
699 661 810 698 ducis
861 662 921 698 sui
969 663 1187 703 attendere,
1234 670 1271 697 et
1322 662 1369 697 de
1421 670 1573 710 quanto

258 721 515 769 consequitur
553 719 726 768 primurn
769 720 972 756 coraulam
1013 720 1230 765 Christum,
1275 718 1388 767 sequi
1427 720 1572 767 ipsum,

259 788 295 816 et
332 779 364 815 si
410 778 647 825 exhorbitat,
692 777 761 814 illo
810 778 971 826 expulso
1016 786 1175 825 oportet
1207 777 1319 825 sequi
1354 777 1571 814 Christum.

258 839 305 873 Et
338 837 430 874 hinc
465 835 646 872 Christus
685 835 845 873 ordinat
878 836 1003 884 legem
1044 848 1157 872 suam
1193 845 1417 872 moventem
1458 835 1573 872 affec-

206 910 243 931 10
258 895 391 932 ciones
410 895 554 932 debere
578 893 765 942 cognosci
789 895 837 931 ab
856 894 1043 931 omnihus
1063 893 1300 931 Christianis
1320 903 1357 931 et
1375 893 1574 942 promittit

257 965 297 990 se
336 961 523 1002 prompte
568 953 705 990 adesse
744 952 975 1001 ubicunque
1015 952 1054 988 in
1094 952 1256 989 nomine
1296 965 1368 989 suo
1402 953 1481 988 duo
1514 953 1574 988 vel

257 1020 336 1048 tres
383 1010 531 1048 fuerint
570 1010 815 1059 congregati.
855 1012 969 1048 Unde
1010 1011 1258 1059 blasphemia
1298 1020 1355 1047 est
1399 1010 1575 1046 secunda

258 1068 404 1106 ficticia
428 1082 507 1118 qua
532 1069 679 1106 dicitur
701 1078 890 1118 oportere
913 1070 1037 1117 legem
1061 1068 1207 1106 Christi
1235 1081 1388 1106 cessare
1411 1077 1573 1117 propter

256 1126 527 1165 ναι-1061006111
552 1127 759 1176 temporiS‚
794 1136 832 1164 et
865 1129 1085 1164 secundum
1120 1128 1247 1175 legem
1281 1127 1416 1173 aliam,
1451 1139 1571 1175 quam

206 1190 362 1235 15papa
405 1185 579 1232 ordinat,
626 1194 683 1223 est
727 1185 954 1223 vivendum.
1002 1185 1110 1222 Licet
1149 1195 1283 1222 autem
1324 1185 1427 1221 istud
1469 1184 1575 1221 dicat

258 1245 386 1281 clerus
420 1243 674 1281 concorditer
696 1252 779 1280 tam
812 1246 933 1281 verbo
967 1257 1088 1292 quam
1113 1257 1248 1292 opere,
1282 1253 1418 1281 tamen
1450 1242 1575 1279 nichil

258 1302 488 1339 blasfemius
541 1302 707 1350 dissipat
754 1303 878 1350 legem
931 1301 1079 1339 Christi
1123 1303 1183 1338 vel
1228 1301 1333 1338 viam
1386 1310 1575 1350 preparat

258 1360 510 1406 antichristo,
557 1360 650 1409 quia
695 1359 858 1397 indubie
905 1359 1056 1397 indicat
1101 1360 1379 1397 sacerdocium
1426 1359 1574 1396 Christi

258 1419 497 1456 translatum
537 1418 577 1455 in
610 1418 906 1465 antichristum,
941 1431 1032 1455 cum
1066 1418 1181 1455 aliter
1214 1431 1294 1454 non
1328 1418 1439 1455 fieret
1477 1417 1574 1465 legis

202 1489 327 1514 zosue
367 1486 501 1514 eterne
533 1476 762 1522 translacio,
804 1485 841 1514 et
873 1475 929 1513 sic
967 1489 1088 1525 supra
1122 1476 1248 1524 legem
1288 1475 1496 1525 antiquam
1538 1484 1573 1512 et

256 1548 402 1572 novam
425 1535 577 1572 veniret
599 1534 724 1572 tercia
747 1535 807 1572 lex
824 1534 1042 1583 prophecie
1067 1548 1187 1583 quam
1209 1534 1324 1571 Judei
1349 1543 1572 1582 expectant,

258 1603 294 1630 et
319 1594 430 1631 fieret
454 1603 679 1630 monstrum
710 1592 750 1630 in
784 1593 952 1630 ecclesia
984 1606 1104 1641 supra
1139 1605 1284 1641 corpus
1318 1602 1356 1629 et
1379 1592 1571 1629 animam.

314 1653 406 1689 Ideo
446 1664 586 1689 omnes
626 1650 842 1689 Christiani
884 1659 921 1688 et
960 1651 1149 1700 precipue
1188 1650 1341 1687 domini
1374 1651 1572 1688 seculares
1602 1656 1670 1683 Itis
1691 1657 1853 1695 especially

257 1711 476 1747 secundum
510 1709 841 1746 informacionem
876 1709 1095 1747 sacerdotis
1128 1709 1167 1745 in
1190 1710 1275 1757 lege
1299 1709 1359 1746 dei
1390 1708 1572 1745 instructi
1628 1692 1823 1754 ΗζξιιὲζῖζΥῃξη

200 1772 239 1805 25
257 1769 403 1805 debent
445 1770 604 1805 obstare
648 1767 732 1805 istis
778 1768 992 1806 erroribus.
1040 1768 1152 1805 Sicut
1198 1767 1303 1804 enim
1349 1767 1573 1804 intellectus
1607 1770 1726 1796 oppose
1747 1769 1843 1788 error.

257 1826 420 1864 ecclesie
453 1827 644 1875 deceptus
677 1835 734 1864 est
757 1825 796 1862 in
827 1826 994 1863 materia
1018 1827 1065 1863 de
1089 1825 1302 1863 eucaristia
1325 1825 1365 1862 in
1394 1825 1573 1873 specula—

256 1884 416 1929 bilibus,
448 1885 504 1922 ita
536 1885 619 1922 eius
653 1885 817 1922 affectus
834 1898 903 1933 per
927 1886 1094 1922 eandem
1128 1893 1276 1921 sectam
1303 1884 1492 1932 deceptus
1516 1892 1573 1920 est

256 1943 297 1979 in
336 1943 619 1992 operabilibus.
660 1944 737 1979 Sed
770 1956 957 1991 rogemus
993 1942 1202 1979 dominum
1237 1955 1308 1978 nos
1351 1941 1500 1988 iuvare,
1537 1950 1573 1978 et

256 2010 365 2049 patet
388 2002 496 2050 quod
528 2013 620 2050 sepe
644 2002 786 2037 falsum
821 2000 1053 2048 assumitur,
1087 2001 1195 2049 quod
1228 2013 1333 2049 papa
1365 1999 1505 2037 statuit
1538 2009 1574 2036 et

201 2059 442 2097 oolicenciat
486 2068 530 2096 ut
573 2058 628 2095 sic
674 2059 755 2098 fiat.
809 2061 897 2096 Non
946 2059 1051 2096 enim
1098 2058 1190 2095 licet
1234 2057 1308 2094 sihi
1361 2058 1573 2107 quitquam

257 2127 432 2155 statuere
464 2117 540 2154 nisi
570 2118 677 2165 quod
702 2117 822 2154 fuerit
854 2116 1036 2166 explicite
1058 2117 1118 2154 vel
1151 2116 1345 2164 implicite
1376 2116 1418 2152 in
1451 2115 1575 2164 scrip-

257 2185 360 2223 tura,
394 2176 462 2213 sed
495 2177 545 2212 ad
568 2174 664 2224 quid
697 2184 890 2213 statueret
922 2175 1018 2212 illud
1052 2175 1102 2211 ad
1136 2188 1237 2211 onus
1271 2174 1448 2221 ecclesie,
1483 2187 1573 2211 cum

258 2235 354 2271 deus
387 2233 496 2271 dedit
520 2234 690 2271 formam
715 2234 973 2282 completam,
1008 2233 1228 2270 secundum
1253 2245 1374 2281 quam
1401 2232 1574 2268 dimissis

258 2291 345 2329 aliis
377 2292 501 2329 voluit
534 2292 670 2329 fideles
704 2292 843 2341 exequi
876 2293 1003 2340 legem
1037 2304 1164 2328 suam.
1200 2292 1292 2328 Ideo
1324 2304 1369 2328 ve
1402 2290 1477 2326 illis
1507 2290 1574 2339 qui

201 2350 436 2388 ,wsslacerant
482 2351 585 2387 hanc
628 2349 931 2387 ordinacionem
978 2358 1015 2386 et
1061 2348 1287 2398 impediunt
1320 2362 1481 2385 cursum
1515 2349 1574 2385 vel

257 2408 440 2445 ordinem
473 2408 581 2446 verbi
614 2408 694 2446 dei!
731 2408 843 2446 Sicut
877 2408 982 2445 enim
1017 2409 1137 2444 homo
1174 2416 1356 2444 mortuus
1395 2419 1475 2444 non
1519 2415 1574 2443 est

261 2467 394 2513 homo,
433 2466 490 2503 sic
529 2466 621 2503 ficta
660 2466 827 2504 licencia
861 2479 941 2502 non
974 2465 1219 2503 auctorisata
1251 2478 1273 2501 a
1307 2465 1392 2512 lege
1428 2464 1575 2501 Christi

330 2631 355 2657 2,
371 2622 394 2650 3.
411 2623 584 2651 exhorbitat
598 2624 660 2656 cell,
680 2624 900 2651 exorbitaverit
920 2623 1024 2651 ceteri.
1080 2632 1108 2656 4.
1131 2622 1331 2657 trepidiautes
1353 2622 1382 2649 Ιι.
1439 2622 1467 2649 11.
1489 2623 1576 2649 affec—

259 2658 380 2685 cionem
401 2658 510 2694 περτζ·
535 2659 572 2685 ib.
595 2658 640 2685 sui
661 2658 747 2686 ducis
768 2667 824 2694 ag.
904 2667 931 2694 7.
953 2657 1092 2694 sequitur
1112 2657 1172 2684 bdi.
1245 2657 1273 2684 8.
1294 2656 1446 2684 exorbitat
1465 2658 1578 2685 ceteri:

260 2693 296 2720 ila.
318 2693 387 2728 ipso
408 2694 520 2725 reteri,-
539 2693 577 2720 ih.
599 2693 622 2720 si
644 2698 745 2729 oport.
767 2694 870 2721 ceteri.
946 2701 979 2723 11,
997 2700 1033 2720 12.
1056 2699 1070 2718 2
1090 2693 1134 2719 vel
1156 2691 1171 2719 3
1186 2691 1215 2718 in
1231 2700 1260 2719 n.
1276 2700 1300 2718 s.
1316 2691 1336 2718 f.
1358 2691 1468 2727 bcdefi,
1489 2699 1503 2718 2
1518 2701 1545 2719 v.
1562 2692 1576 2719 2³

259 2728 335 2754 fuer.
351 2727 380 2754 111
398 2735 426 2754 n.
443 2736 465 2754 s.
480 2736 536 2762 ag.
593 2727 633 2755 16.
655 2736 724 2755 cum
738 2736 797 2764 pro
813 2733 913 2755 tamen
929 2728 970 2754 l11'.
1029 2734 1070 2762 ις).
1091 2727 1170 2754 foret
1183 2734 1202 2753 a
1218 2727 1248 2753 in
1264 2734 1326 2753 ras.
1338 2735 1348 2756 ,·
1365 2726 1403 2753 ib.
1425 2726 1499 2761 legis
1514 2727 1576 2755 ceh.

260 2762 316 2799 legi
338 2762 442 2789 ceteri.
528 2770 574 2794 20,
596 2770 636 2790 21.
658 2771 728 2790 nov.
750 2767 777 2789 et
797 2767 858 2790 ant.
881 2771 935 2799 ag.
1026 2761 1069 2789 23.
1092 2761 1264 2797 specialiter
1283 2768 1343 2788 sec.
1365 2761 1449 2788 dom.
1471 2764 1575 2788 celert.

261 2800 307 2824 20.
329 2801 374 2824 est
394 2797 423 2824 in
446 2805 485 2824 m.
507 2797 535 2824 d.
556 2805 622 2824 euc.
642 2797 759 2836 decept.
781 2806 833 2834 ag.
922 2804 968 2831 20.
991 2806 1062 2832 sepe
1083 2812 1114 2816 —
1135 2801 1162 2823 et
1183 2796 1224 2822 al.
1246 2804 1283 2822 m.
1305 2795 1333 2822 Ιι.
1418 2794 1464 2823 30.
1486 2795 1577 2822 licen-

261 2832 319 2858 ciat
340 2831 388 2862 cllz,
410 2832 496 2859 liceat
517 2832 599 2865 ahcy,
621 2832 791 2859 licenciavit
812 2833 841 2861 i.-
869 2833 908 2860 ib.
930 2833 1012 2867 quod
1035 2832 1075 2858 ita
1096 2832 1145 2858 fiat
1166 2838 1222 2857 atr.
1305 2830 1344 2857 31.
1367 2830 1423 2857 suit
1443 2831 1512 2863 aqi,-
1536 2831 1575 2857 1¹2³.

260 2866 348 2902 impl.
375 2874 402 2892 v.
430 2867 510 2901 expl.
536 2867 641 2894 celeri.
749 2865 792 2893 33.
820 2867 895 2894 deus
922 2868 963 2894 al.
991 2874 1029 2893 m.
1056 2866 1084 2893 Ιι.
1188 2851 1234 2893 35.
1262 2869 1290 2892 et
1314 2872 1374 2900 pro
1402 2866 1447 2892 vel
1474 2867 1578 2893 ceteri.

261 2899 307 2928 36.
330 2900 417 2929 Sicut
437 2909 509 2936 ergo
530 2900 592 2937 cjflz,
614 2901 696 2928 enim
717 2901 820 2929 ceteri.

1420 2948 1435 2979 5
