2002 3359
206 918 243 938 10

206 1195 242 1228 15

203 1786 242 1818 25

258 272 346 300 cm.
368 261 452 318 vir]
766 275 824 306 DE
852 274 1052 305 SIMONIA,

259 393 413 433 partem
434 383 527 420 anni
545 385 637 419 dum
656 384 818 431 prodest
835 380 1015 426 ecclesie,
1041 389 1144 416 stent
1160 379 1199 416 in
1220 379 1351 423 scolis,
1377 379 1569 414 habeant-

259 456 334 491 que
387 443 605 478 secundum
661 443 808 489 gradus
861 439 1091 476 reddituum
1145 438 1352 474 inferiores
1402 436 1569 473 clericos

259 514 408 545 secum,
449 513 491 536 ex
531 499 674 548 quibus
720 508 755 535 et
796 498 882 534 aliis
927 497 1126 534 adiunctis
1166 510 1187 532 a
1228 494 1460 543 parentibus
1505 508 1569 531 co-

261 559 433 596 munitas
479 558 598 594 studii
639 557 840 604 theologie
875 556 913 592 in
946 554 1273 591 universitatibus
1307 553 1355 589 sit
1395 562 1568 598 servalta3

259 619 509 666 perdantque
556 615 724 663 collegia
763 624 859 662 aput
899 627 1031 661 regem
1073 622 1108 649 et
1143 625 1307 660 regnum
1343 612 1402 647 ius
1437 620 1570 659 patro-

258 685 375 712 natus
430 674 673 718 huiusmodi,
728 675 822 708 dum
877 671 1049 708 convicti
1101 680 1192 706 sunt
1246 670 1391 717 eligere
1439 669 1569 705 minus

259 744 387 780 aptos
435 732 563 777 Talia,
603 732 782 779 inquam,
818 730 986 777 collegia
1015 728 1309 765 vfructificarent
1343 727 1380 763 in
1415 727 1568 771 studiis,

258 792 324 828 ubi
377 801 513 827 nostra
566 789 733 837 collegia
785 790 930 825 frustra
984 789 1262 835 depauperant
1314 799 1479 833 regnum
1535 794 1571 821 et

258 851 443 886 laborant
476 847 636 884 invidia.

317 910 521 953 Quantum
575 908 624 942 ad
677 904 937 953 expensiones
989 914 1025 940 et
1070 904 1270 939 seculares
1321 902 1571 938 defensiones

259 968 456 1011 bonorum
491 974 774 1003 conventuum,
810 972 917 1011 patet
943 963 1049 1011 quod
1083 971 1174 997 sunt
1198 962 1314 1009 plena
1339 959 1572 1008 symoniaca

257 1024 467 1072 pravitate,
501 1036 592 1059 nam
628 1023 735 1059 iuxta
768 1023 894 1069 legem
930 1020 1211 1067 ewangelicam
1247 1031 1350 1067 pape
1391 1017 1572 1065 Gregorii

259 1082 531 1131 supradictam
566 1083 609 1117 16
646 1080 854 1129 questione
891 1093 925 1127 7,
952 1092 1054 1126 cap.,
1090 1079 1269 1114 Peri-enit
1303 1076 1481 1125 episcopi
1505 1075 1573 1124 qui

259 1150 502 1177 consumunt
548 1142 652 1176 bona
691 1151 913 1186 pauperum
961 1137 1000 1172 in
1045 1146 1283 1184 sumptuosa
1322 1135 1488 1179 familia,
1535 1134 1574 1170 in

260 1199 453 1235 militibus
504 1208 540 1234 et
594 1197 786 1245 cognatis,
839 1204 930 1232 sunt
983 1197 1030 1231 de
1083 1207 1251 1231 numero
1306 1193 1572 1229 maximorum

260 1257 527 1293 hereticorum
577 1255 643 1304 qui
692 1264 782 1291 sunt
828 1253 1070 1301 symoniaci;
1118 1254 1185 1289 sed
1232 1252 1307 1288 ista
1346 1253 1404 1288 lex
1447 1250 1574 1298 magis

259 1316 409 1363 obligat
433 1317 597 1351 abbates
621 1323 656 1349 et
674 1314 827 1361 priores
851 1322 887 1348 et
903 1321 1056 1348 ceteros
1081 1311 1360 1358 religiosorum
1385 1311 1573 1358 prelatos,

260 1386 354 1421 ergo
400 1373 476 1421 ipsi
508 1372 693 1409 faciendo
727 1371 782 1407 sic
815 1379 905 1406 sunt
940 1372 986 1406 de
1026 1382 1169 1418 genere
1216 1368 1386 1405 maxime
1432 1367 1575 1404 hereti-

260 1445 412 1477 corum,
457 1431 523 1479 qui
557 1439 648 1466 sunt
681 1429 920 1477 symoniaci;
962 1428 1094 1464 minor
1127 1426 1354 1475 argumenti
1388 1435 1498 1474 patet
1532 1439 1575 1462 ex

260 1491 335 1526 hoc
367 1491 474 1538 quod
513 1489 613 1525 dicti.
648 1488 822 1536 religiosi
861 1497 953 1523 sunt
987 1499 1029 1522 ex
1070 1495 1162 1522 voto
1197 1485 1323 1532 magis
1358 1484 1519 1521 alienati
1554 1497 1575 1521 a

260 1549 424 1593 mundo,
449 1560 493 1583 ex
516 1547 708 1594 religione
742 1555 779 1582 et
813 1545 934 1593 signis
970 1545 1095 1592 magis
1130 1544 1371 1592 profitentur
1404 1555 1575 1590 pauper-

258 1615 383 1642 tatem
400 1605 682 1653 ewangelicam
701 1617 820 1652 quam
839 1604 1038 1640 seculares
1063 1601 1255 1651 episcopi,
1282 1614 1377 1649 ergo
1393 1601 1575 1637 faciendo

261 1673 401 1700 contra
431 1664 654 1712 predictam
688 1663 813 1710 legem
850 1661 1131 1709 ewangelicam
1164 1660 1289 1707 magis
1323 1668 1505 1707 peccant,
1540 1668 1576 1695 et

259 1735 329 1770 per
353 1734 600 1770 consequens
624 1734 666 1758 ex
701 1720 843 1756 maiori
878 1719 1117 1767 contagione
1150 1718 1330 1766 symonie
1364 1726 1454 1753 sunt
1486 1731 1577 1765 pro-

259 1780 465 1816 fundiores
510 1779 694 1824 heretici3
735 1778 791 1814 illi
825 1778 930 1814 enim
966 1778 1033 1826 qui
1073 1787 1153 1814 tam
1189 1786 1374 1825 patenter
1419 1776 1577 1812 solvunt

259 1848 421 1886 pactum
471 1837 688 1886 religionis,
729 1838 837 1885 quod
878 1838 952 1872 deo
987 1835 1234 1884 pepigerant,
1270 1843 1361 1870 sunt
1395 1834 1575 1870 infideles

258 1906 432 1944 patrono
473 1909 545 1932 suo
584 1905 621 1933 et
655 1905 790 1932 sancte
824 1894 1001 1931 ecclesie.
1047 1893 1243 1930 Maiorem
1285 1902 1419 1928 autem
1460 1905 1576 1940 argu-

260 1955 383 1990 menti
412 1963 610 1991 testantur
639 1953 787 2001 experti
811 1962 996 1989 notantes
1019 1951 1372 1988 conversacionem
1396 1950 1576 1994 ecclesie,

259 2012 327 2062 qui
343 2012 477 2049 vident
493 2013 601 2060 quod
621 2012 660 2048 in
676 2011 856 2060 prandiis
873 2023 953 2059 quo
977 2012 1026 2046 ad
1050 2022 1264 2046 numerum
1284 2008 1575 2051 ministrorum,

262 2070 524 2119 prandiorum
579 2079 616 2106 et
667 2081 855 2106 vasorum
908 2070 1102 2105 excedunt
1155 2066 1337 2114 comites,
1397 2080 1475 2115 quo
1528 2067 1577 2103 ad

261 2128 531 2178 equitaturam
567 2130 617 2164 ad
650 2136 868 2165 conventus
909 2139 1100 2163 comunes
1132 2138 1348 2174 regnorum
1383 2125 1578 2161 excedunt

261 2186 484 2235 principes;
530 2195 567 2223 et
600 2199 680 2234 quo
719 2187 769 2222 ad
809 2197 999 2232 expensas
1038 2184 1257 2221 forinsecas
1291 2182 1436 2220 dicitur
1470 2184 1578 2231 quod

260 2246 366 2282 bona
399 2257 622 2293 pauperum
657 2252 950 2280 consumuntur
983 2243 1022 2278 in
1051 2241 1310 2291 pensionibus
1334 2249 1371 2277 et
1396 2240 1580 2277 conviva-

262 2303 442 2340 cionibus
468 2302 677 2339 hominum
701 2301 798 2350 legis
823 2302 997 2338 humane
1029 2310 1065 2337 et
1089 2299 1273 2349 duplicis,
1307 2298 1347 2335 in
1373 2298 1579 2336 maleficiis

330 2459 356 2493 3,
372 2469 400 2493 4.
421 2460 655 2487 communitatis
676 2460 726 2490 bsr,
746 2467 829 2486 corr.
847 2459 877 2486 in
899 2459 1074 2486 comunitas
1095 2466 1124 2489 α,
1145 2462 1305 2485 contentas
1326 2465 1368 2485 ce.
1424 2456 1448 2485 5.
1470 2456 1500 2484 in
1518 2465 1580 2492 pro

261 2495 309 2522 ius
320 2495 388 2533 figi.
446 2496 472 2522 6.
495 2495 626 2522 convicti
642 2503 675 2530 ce
703 2503 722 2523 ι,
743 2493 899 2521 coniuncti
915 2494 1020 2521 ceteri.
1076 2493 1103 2520 8.
1125 2493 1240 2520 frustra
1261 2501 1319 2520 om.
1335 2492 1420 2528 afgi.
1441 2492 1481 2519 al.
1497 2501 1534 2519 m.
1549 2493 1580 2519 d.

262 2537 290 2564 9.
319 2529 435 2557 invidia
462 2529 543 2565 ceflz,
572 2529 601 2557 in
630 2529 692 2556 inv.
722 2529 827 2556 ceteri.
937 2527 975 2556 13.
1006 2530 1037 2556 16
1061 2544 1087 2547 ἡ
1110 2536 1177 2563 cap.
1206 2535 1263 2554 om.
1286 2527 1410 2563 abcesg‚
1430 2527 1470 2554 al.
1492 2536 1529 2554 m.
1550 2527 1580 2553 d.

263 2565 304 2592 16.
323 2572 384 2600 pro
405 2565 520 2599 magis:
541 2572 602 2591 non
624 2563 727 2591 minus
748 2563 852 2591 celeri.
929 2564 968 2591 18.
990 2563 1081 2596 igitur
1102 2563 1161 2597 ipsi
1182 2562 1295 2593 ceteri:
1320 2561 1357 2589 ib.
1380 2561 1516 2589 maximo
1537 2570 1580 2592 ce,

262 2599 470 2626 maximorum
492 2599 594 2626 ceteri.
711 2606 756 2626 20.
778 2603 843 2625 toto
864 2598 894 2631 i‚·
920 2598 956 2625 ib.
975 2606 1036 2633 pro
1056 2597 1194 2624 alienati:
1222 2596 1347 2631 obligati
1368 2596 1492 2633 abcqu.
1519 2597 1579 2623 obl.

262 2642 344 2661 corr.
367 2634 397 2661 in
419 2634 508 2661 alien.
530 2633 567 2665 d‚·
587 2638 614 2660 et
630 2634 713 2668 relig.
731 2633 835 2660 ceteri.
893 2640 932 2660 21.
955 2633 1054 2668 magis
1073 2633 1114 2659 al.
1130 2641 1167 2659 m.
1185 2631 1221 2663 11,·
1241 2631 1278 2658 ib.
1296 2632 1512 2665 profiterentur
1525 2639 1579 2667 ag.

262 2676 306 2696 22.
335 2669 469 2696 scolares
490 2668 584 2702 episc.
606 2668 634 2695 lz.
709 2668 750 2695 25.
779 2676 851 2701 ergo
870 2675 903 2703 g.
925 2676 1007 2695 corr.
1029 2668 1059 2694 in
1081 2666 1162 2694 enim
1183 2674 1213 2700 a,
1237 2674 1308 2692 vero
1328 2665 1372 2701 df.
1449 2665 1494 2693 30.
1514 2674 1580 2705 pro

262 2703 481 2738 prandiorum:
503 2707 663 2738 pastorum
684 2702 784 2739 abdfg
804 2703 845 2736 (in
866 2704 886 2730 d
904 2706 974 2729 unta
989 2703 1020 2730 in
1035 2701 1327 2738 margt'nelegilur:
1341 2700 1455 2728 scilicet
1469 2701 1582 2736 quibus

264 2747 295 2765 se
311 2740 468 2773 pascuum
491 2741 567 2772 past.
584 2745 641 2765 om.
659 2739 762 2764 ceteri.
819 2737 865 2765 30.
883 2742 910 2764 ct
926 2745 988 2764 vas.
1005 2736 1104 2772 om.f,
1125 2737 1166 2763 al.
1183 2744 1220 2762 m.
1236 2736 1286 2762 ad.
1343 2734 1383 2762 31.
1399 2743 1478 2764 com.
1495 2740 1522 2762 et
1537 2735 1578 2771 ef.

263 2777 291 2799 et
305 2780 463 2811 commun.
478 2772 582 2802 ceteri,
598 2776 626 2799 et
640 2773 764 2799 cancell.
780 2772 808 2799 di
871 2771 913 2802 33,
929 2771 975 2805 34.
992 2771 1064 2798 etin
1081 2773 1203 2798 conviv.
1220 2771 1239 2797 ι’.
1297 2768 1342 2803 34·
1357 2777 1415 2808 pro
1431 2770 1579 2804 duplicis:

262 2808 331 2835 talis
350 2807 436 2843 befg,
458 2815 539 2834 corr.
560 2807 592 2834 in
613 2807 709 2834 eciam
730 2807 759 2841 d,
780 2807 877 2834 eciam
898 2807 994 2834 ceteri
1013 2807 1041 2840 (a
1063 2806 1094 2833 in
1115 2806 1212 2840 ras.);
1232 2805 1269 2832 ib.
1294 2804 1447 2832 malificiis
1467 2805 1513 2832 clz.

336 2902 386 2935 13.
412 2902 516 2944 Coi-p.
541 2902 604 2933 iur.
631 2911 705 2933 can.
733 2902 755 2941 1,
779 2900 841 2932 801
873 2901 918 2942 (c.
945 2901 975 2940 3,
1003 2900 1041 2931 C.
1065 2898 1122 2939 16,
1149 2909 1184 2941 q.
1210 2899 1258 2941 7).

1630 906 1817 934 Simoniacal

1622 946 1783 977 paymcnts
1804 945 1834 967 ιο

1631 977 1749 1012 laymen
1771 977 1819 1002 ior

1623 1011 1748 1039 dcfence
1769 1010 1827 1037 and

1600 1050 1731 1081 support
1750 1045 1784 1072 of
1800 1045 1851 1072 the

1640 1085 1800 1108 com-ems.

1626 1894 1751 1929 Luxury
1772 1893 1831 1920 and

1596 1934 1816 1963 extravagance
1837 1929 1871 1955 os

1661 1964 1802 1999 prelates.
