2002 3359
240 632 256 664 5

274 278 363 307 (ΞΑΡ-
385 268 442 325 ν]
800 280 858 311 DE
886 279 1085 311 SIMONIA.

332 391 410 424 Nec
435 386 598 423 dubium
618 385 713 434 quin
738 399 781 422 ex
804 385 889 421 istis
912 384 1093 433 sequitur
1114 384 1238 420 tercio
1262 383 1585 431 proporcionalis

273 445 480 483 conclusio
534 444 666 480 Elizei.
724 444 878 489 ‘Nunc'‚
933 443 1064 491 inquit
1117 442 1321 490 ‘accepisti
1374 451 1584 489 argentum

273 514 310 541 et
369 513 508 548 vestes,
568 511 610 538 ut
663 515 771 538 emas
825 501 970 537 oliveta
1030 509 1066 536 et
1118 500 1254 536 vineas
1308 508 1345 535 et
1403 512 1495 535 oves
1549 508 1585 534 et

273 565 405 603 boves,
451 573 586 597 servos
626 569 663 596 et
708 559 894 604 ancillas3
940 560 1007 594 sed
1057 567 1093 594 et
1138 559 1250 606 lepra
1288 560 1472 594 Naaman
1518 559 1586 593 ad-

275 620 426 657 herebit
459 618 531 655 tibi
565 627 602 654 et
634 617 776 653 semini
809 626 879 652 tuo
913 616 952 652 in
985 616 1291 663 sempiternum.
1327 618 1374 651 Et
1405 628 1585 663 egressus

274 688 330 715 est
377 680 425 714 ab
471 690 516 713 eo
560 677 744 724 leprosus
792 674 904 723 quasi
950 674 1041 712 nix'.
1090 676 1138 709 Et
1177 673 1587 721 proporcionabiliter

273 737 428 773 videtur
468 747 552 772 esse
591 735 638 770 de
677 733 810 781 primo
850 745 955 780 papa
988 732 1223 780 symoniaco
1257 744 1336 779 quo
1370 733 1418 768 ad
1453 733 1585 767 deum.

276 797 416 843 Lepi-a,
452 794 631 842 inquam,
663 792 884 827 secundum
920 799 1080 826 sanctos
1113 790 1243 837 signat
1271 789 1427 826 mistice
1456 802 1587 837 symo-

275 853 397 893 niam,
431 851 525 900 quia
556 849 658 886 sicut
692 850 825 885 nullus
866 850 1030 885 morbus
1064 857 1121 884 est
1155 849 1230 884 isto
1265 847 1501 893 infecfflvior,
1536 849 1585 883 ad

220 912 509 953 10solvendum
574 907 883 945 continuitatem
947 915 983 943 et
1046 906 1216 942 formam
1272 906 1585 943 deformaneior.

221 1210 257 1243 15

216 1511 259 1534 20

218 1803 257 1825 23

219 2082 260 2114 30

274 970 333 1005 vel
379 970 428 1005 ad
473 966 789 1004 cohabitandum
836 977 878 1001 ex
925 965 1050 1001 fetore
1091 965 1149 1000 vel
1194 977 1291 1000 voce
1340 964 1586 1005 horribilior,

273 1027 330 1063 sic
382 1035 438 1063 est
493 1024 643 1061 heresis
703 1023 949 1071 symoniaca.
1011 1025 1112 1059 Nam
1167 1023 1321 1058 nullum
1376 1031 1586 1070 peccatum

274 1094 330 1121 est
364 1085 440 1121 isto
474 1082 711 1128 infectivius,
759 1094 848 1118 cum
895 1081 1151 1129 symoniacus
1197 1080 1323 1116 inlicit
1369 1080 1500 1128 primo
1547 1093 1587 1115 se

274 1143 419 1192 ipsum,
466 1143 641 1178 secundo
682 1140 955 1176 conferentem
997 1152 1117 1187 supra
1157 1151 1196 1174 se
1231 1148 1267 1174 et
1300 1138 1426 1174 tercio
1460 1151 1587 1186 popu-

276 1203 354 1237 lum
405 1202 476 1237 sul)
525 1212 578 1244 se,
632 1198 694 1235 cui
744 1197 944 1234 ministrat
992 1197 1268 1234 ecclesiastica
1319 1206 1585 1241 sacramenta,

274 1273 409 1308 ymmo
443 1258 636 1307 populum
670 1256 849 1304 undique
882 1255 1008 1292 inlicit
1042 1268 1085 1291 ex
1119 1268 1330 1291 consensu.
1380 1256 1428 1290 Et
1461 1268 1586 1302 quan-

274 1328 357 1354 tum
392 1319 441 1354 ad
475 1317 694 1352 secundum
722 1323 831 1363 patet
854 1315 961 1362 quod
986 1313 1107 1349 nimis
1131 1313 1248 1350 solvit
1278 1313 1585 1349 continuitatem

275 1377 551 1412 membrorum
585 1373 764 1415 ecclesie,
800 1385 890 1408 cum
925 1385 1025 1420 quos
1055 1371 1192 1408 debuit
1225 1371 1463 1408 continuare
1496 1384 1585 1406 cum

275 1433 436 1471 Christo
483 1433 706 1469 secundum
755 1431 927 1467 formam
980 1430 1184 1478 ewangelii
1231 1429 1505 1466 discontinuat
1551 1438 1587 1465 et

276 1493 475 1529 deformat
532 1491 753 1527 secundum
818 1490 947 1536 legem
1005 1488 1178 1536 dyaboli.
1239 1490 1286 1524 Et
1346 1489 1416 1523 hee
1477 1487 1587 1523 racio

275 1563 400 1599 quare
432 1558 600 1586 vocatur
629 1547 791 1593 heresis,
827 1548 935 1594 quod
969 1546 1258 1594 interpretatur
1282 1546 1438 1582 dix-isio.
1474 1546 1587 1582 Unde

276 1610 429 1645 nullum
466 1616 693 1643 monstrum
727 1614 823 1653 aput
857 1607 976 1641 deum
1010 1604 1244 1650 deformius,
1278 1604 1372 1640 licet
1405 1604 1587 1640 videatur

277 1680 361 1703 esse
401 1674 521 1714 caput
560 1664 740 1701 ecclesie.
783 1665 897 1700 Unde
938 1663 1144 1711 signanter
1177 1664 1313 1699 Aaron
1346 1663 1588 1710 reprobatur

277 1735 313 1762 et
366 1724 493 1761 Maria
553 1736 668 1760 soror
726 1734 798 1758 sua
855 1734 1045 1770 percussa
1099 1729 1157 1757 est
1210 1721 1321 1769 lepra
1373 1729 1415 1757 ut
1477 1729 1587 1768 patet

244 1786 394 1820 ‘Num.
447 1792 516 1827 12;
576 1781 721 1827 ‘Ecce'‚
777 1779 907 1828 inquit
961 1778 1101 1825 Maria,
1156 1778 1358 1827 ‘apparuit
1413 1779 1588 1815 candens

277 1843 387 1890 lepra
427 1840 539 1889 quasi
581 1840 672 1876 nix'.
714 1841 761 1875 Et
797 1846 1090 1886 consequenter
1130 1846 1218 1874 orat
1251 1839 1387 1873 Aaron
1421 1838 1586 1885 Moysen

275 1913 348 1948 pro
386 1912 443 1949 ea⁷
485 1900 593 1947 quod
627 1910 707 1933 non
742 1897 809 1933 liat
844 1898 915 1932 hec
948 1896 1063 1944 quasi
1097 1904 1256 1932 mortua
1290 1904 1327 1931 et
1360 1895 1586 1931 abortivum

276 1959 383 2007 quod
428 1956 625 2006 proicitur
664 1969 684 1992 a
722 1956 861 1991 wulwa
901 1953 1041 1991 matris
1081 1967 1160 1990 sue.
1207 1956 1307 1990 Nam
1353 1954 1451 1989 tales
1492 1962 1588 2001 aput

276 2018 394 2052 deum
429 2015 683 2064 proiciuntur
722 2022 831 2049 extra
870 2021 1039 2049 matrem
1087 2011 1311 2057 ecclesiam,
1356 2011 1450 2048 licet
1481 2011 1589 2047 vide-

277 2083 395 2111 antur
419 2073 546 2121 ipsam
572 2085 721 2121 regere.
747 2074 796 2107 Et
819 2084 898 2120 quo
922 2072 971 2107 ad
995 2070 1165 2106 tercium
1192 2079 1302 2118 patet
1325 2071 1432 2117 quod
1456 2069 1588 2105 omnis

277 2132 405 2169 fidelis
462 2133 644 2168 horreret
700 2132 802 2166 hanc
865 2130 1020 2177 lepram
1085 2128 1210 2176 magis
1273 2140 1393 2176 quam
1456 2127 1587 2175 ipsum

275 2191 512 2238 dyabolum3
551 2202 644 2237 ymo
681 2188 787 2224 fama
822 2187 1002 2236 ipsorum
1039 2187 1186 2223 multos
1222 2186 1361 2232 inficit,
1401 2185 1589 2221 emittunt

273 2261 412 2285 vocem
459 2247 609 2296 aspidis
648 2255 684 2283 et
722 2259 803 2282 non
842 2247 955 2290 tube3
1001 2253 1039 2281 et
1077 2245 1166 2281 ideo
1206 2243 1380 2280 ordinati
1419 2252 1511 2280 sunt
1549 2243 1588 2278 in

273 2308 359 2355 lege
373 2306 509 2352 veteri,
527 2315 568 2342 ut
584 2314 692 2354 patet
708 2307 824 2340 Num.
848 2306 882 2350 5,
903 2316 1066 2340 manere
1087 2312 1281 2351 tanquam
1301 2301 1589 2338 intollerabiles

243 2371 255 2377 ”
275 2374 382 2402 extra
415 2373 560 2401 castra.

344 2509 370 2538 3.
402 2511 582 2538 alimentum
609 2517 672 2545 pro
709 2510 821 2537 oliveta
851 2516 882 2543 α,
915 2508 1059 2536 alimenta
1091 2517 1132 2542 g:
1163 2512 1191 2534 et
1221 2510 1292 2535 ante
1324 2515 1398 2534 oves
1430 2506 1448 2533 lz
1479 2506 1588 2534 solum.

275 2546 297 2574 5.
320 2554 417 2581 usque
437 2546 467 2573 in
487 2545 592 2573 ceteri.
676 2553 704 2580 9.
725 2543 872 2572 infeccior
891 2544 987 2571 ceteri
1080 2538 1126 2570 ιο(
1142 2543 1275 2570 sormam
1297 2542 1467 2569 deformem
1489 2541 1590 2569 defor-

275 2581 392 2608 macior
412 2581 516 2608 celeri.
625 2588 659 2607 11.
681 2587 742 2615 quo
763 2579 800 2606 ad
821 2579 841 2610 i,
861 2587 922 2614 quo
942 2579 982 2605 αΙ.
1005 2586 1041 2604 m.
1064 2578 1091 2609 d,
1112 2578 1148 2605 ad
1171 2577 1274 2611 oms,
1296 2576 1498 2604 habitandum
1519 2576 1539 2608 i,
1562 2581 1591 2603 et

276 2623 350 2642 voce
370 2615 473 2642 ceteri.
566 2622 603 2642 12.
626 2614 662 2641 de
684 2615 781 2641 heresi
803 2621 818 2641 c
836 2613 905 2641 teri.
999 2611 1036 2640 13.
1057 2613 1205 2640 infeccius
1225 2620 1282 2647 ag.
1368 2612 1408 2638 16.
1430 2619 1537 2647 ymmo
1557 2611 1588 2637 in

275 2659 337 2677 νας.
367 2658 397 2681 a,
426 2657 507 2677 nunc
531 2658 592 2685 pro
622 2657 728 2685 ymmo
758 2649 807 2688 bg,
836 2656 943 2684 ymmo
972 2656 1029 2675 om.
1059 2647 1099 2681 cf,
1129 2648 1169 2674 al.
1199 2655 1237 2673 m.
1267 2646 1295 2680 d,
1326 2650 1354 2673 et
1378 2654 1439 2682 pro
1469 2654 1530 2678 ym.
1562 2654 1587 2673 e.

275 2692 320 2711 20.
342 2689 387 2712 est
408 2684 490 2712 racio
512 2684 532 2712 i.
597 2691 640 2710 22.
662 2688 706 2711 est
726 2684 785 2711 dei.
800 2686 847 2720 gi,
868 2688 913 2710 est
932 2683 974 2710 al.
989 2691 1027 2709 m.
1042 2682 1093 2710 acl.
1159 2682 1204 2709 26.
1228 2682 1305 2709 sicut
1319 2682 1338 2707 i.
1404 2679 1450 2708 30.
1468 2677 1508 2708 Et
1528 2689 1589 2716 quo

274 2728 332 2746 om.
353 2719 398 2756 gi.
453 2717 494 2746 31.
515 2718 619 2746 horret
638 2718 751 2750 ceteri,·
770 2719 807 2746 ib.
828 2719 932 2754 ipsum
952 2718 1093 2751 al.m.}1,
1115 2725 1173 2744 om.
1188 2717 1227 2744 bi.
1290 2715 1332 2743 32.
1354 2724 1461 2743 eorum
1483 2716 1589 2743 ceteri.

274 2754 321 2788 34.
343 2758 405 2782 tam
421 2761 483 2789 pro
503 2757 650 2788 tanquam
671 2754 756 2789 hceg.

345 2871 375 2893 2.
399 2872 423 2903 4
447 2861 532 2903 Reg.
552 2860 605 2901 26,
626 2871 679 2903 27.
777 2860 829 2893 25.
856 2861 958 2892 Num.
983 2870 1032 2900 12,
1056 2871 1104 2891 10.
1202 2858 1254 2891 26.
1281 2858 1328 2891 Ib.
1352 2868 1401 2899 12,
1426 2869 1458 2890 11
1483 2864 1516 2889 et
1538 2867 1589 2890 120

275 2909 328 2950 34.
354 2908 456 2940 Num.
486 2907 514 2948 5,
543 2917 572 2939 2.

1823 272 1868 304 61

1607 392 1651 418 As
1673 392 1795 428 leprosy
1816 393 1864 419 tell

1602 435 1683 453 [1³01]
1705 426 1819 453 Geliazi
1842 436 1876 453 so

1613 436 1662 488 ilic
1684 462 1806 497 leprosy
1828 463 1862 488 oi

1642 496 1764 532 simony
1786 498 1841 522 lias

1601 530 1690 557 fallen
1717 540 1799 566 upon
1822 532 1870 557 the

1684 575 1790 601 pope&
