2002 3359
227 297 315 325 CAP.
331 286 401 345 η]
739 301 798 332 DE
825 302 1024 333 ΞΙΜΟΝΙΑ.
1775 298 1823 334 83

227 407 412 444 meritum
448 420 517 455 per
549 407 851 444 ordinacionem
877 421 1075 445 canonum
1101 423 1121 445 a
1146 411 1421 447 sacerdotibus
1446 426 1537 448 con-

225 466 468 514 sequantur'.
510 468 556 501 Et
595 475 728 513 preter
760 466 857 502 illud
892 467 1099 503 consilium
1135 477 1269 505 sancte
1304 470 1466 506 ecclesie
1500 471 1539 506 in

226 526 365 561 eadem
405 523 614 572 questione
653 537 696 560 ex
738 518 838 560 libro
872 526 1055 572 prosperi
1089 526 1144 562 sic
1178 527 1346 563 habetur
1379 528 1419 563 in
1451 541 1538 577 cap.

226 584 438 619 Sacerdos:
477 583 721 632 ‘Sacerdos's
750 582 846 618 dicit
877 584 1007 629 glossa
1041 583 1093 619 ‘id
1128 593 1184 620 est
1210 584 1376 633 quilibet
1410 588 1539 634 prela-

193 647 300 685 5tus‚
335 640 397 676 cui
431 640 747 688 dispensacionis
781 653 875 677 cura
899 641 1070 677 comissa
1094 651 1164 687 est,
1199 656 1279 679 non
1302 645 1432 680 solum
1457 644 1539 682 sine

226 698 444 747 cupiditate
477 700 545 734 sed
579 698 705 734 eciam
731 711 821 734 cum
846 699 964 735 laude
988 699 1147 747 pietatis
1171 701 1317 749 accipit
1342 715 1363 738 a
1387 704 1538 750 populo

226 757 507 805 dispensanda,
550 765 586 792 et
621 756 790 793 fideliter
823 756 1029 805 dispensat
1062 767 1241 807 accepta,
1276 760 1369 808 quia
1403 761 1539 797 onmia

225 828 295 851 sua
335 823 402 851 aut
441 814 674 861 parentibus
714 814 887 863 reliquit,
932 824 999 852 aut
1039 817 1286 864 pauperibus
1321 818 1537 865 distribuit,

225 882 293 909 aut
326 871 492 909 ecclesie
526 873 642 908 rebus
676 872 856 909 adiunxit
894 883 930 910 et
964 886 1004 910 se
1038 874 1076 910 in
1109 888 1278 912 numero
1312 889 1536 924 pauperum

172 948 209 968 10
224 930 472 979 paupertatis
506 943 644 966 amore
677 930 896 978 constituit,
943 940 985 967 ut
1019 933 1117 968 bene
1157 934 1402 982 pauperibus
1447 937 1538 971 sub-

225 988 423 1025 ministrat
447 988 538 1024 inde
562 997 598 1024 et
622 988 705 1036 ipse
728 998 936 1038 tamquam
961 1003 1115 1038 pauper
1129 992 1378 1029 voluntarius
1402 992 1533 1030 vivat.'

280 1046 387 1083 Mille
432 1055 523 1082 sunt
570 1047 668 1083 tales
709 1047 814 1094 leges
865 1060 908 1083 ex
959 1049 1103 1096 quibus
1159 1059 1342 1098 patenter
1376 1052 1536 1087 convin-
1597 1059 1776 1098 ‘Thela‘ws

223 1104 337 1152 citur,
373 1105 482 1153 quod
516 1117 538 1141 a
571 1117 676 1153 papa
710 1114 746 1141 et
780 1105 933 1141 cunctis
963 1106 1161 1155 episcopis
1185 1121 1310 1157 usque
1333 1111 1382 1145 ad
1406 1122 1535 1146 sacer·
1597 1095 1781 1128 ¹¹¹CU¹C²H¹¹¹3

1595 1135 1714 1159 mvcrtv
1736 1138 1786 1156 aire

222 1164 356 1199 dotem
391 1162 574 1199 infimum
608 1175 748 1199 omnes
781 1176 880 1211 pure
914 1164 1047 1200 clerici
1082 1167 1226 1202 debent
1258 1166 1388 1203 vivere
1411 1168 1533 1204 vitam
1561 1137 1812 1229 {}]i[}¹{fl{g³lilllss]g³g¹t{

170 1227 205 1259 15
222 1233 440 1269 pauperem
464 1220 503 1256 in
527 1220 701 1268 comuni,
727 1223 834 1269 quod
858 1221 889 1257 si
908 1234 1138 1270 perversum
1165 1234 1235 1263 est.
1260 1234 1370 1272 patet
1386 1236 1534 1274 quante
1590 1216 1640 1260 for‘
1658 1221 1808 1272 e'vadmg‘

221 1279 455 1327 symoniaca
493 1279 640 1315 heresis
679 1288 736 1315 est
770 1279 888 1316 hodie
925 1280 1103 1317 dilatata.
1138 1284 1219 1318 Nec
1252 1293 1394 1319 sanant
1428 1297 1534 1320 mor-
1593 1269 1674 1295 them
1696 1270 1791 1295 mm*

223 1339 319 1373 bum*
351 1336 498 1385 paliate
531 1337 842 1384 procuraciones
872 1339 919 1373 de
950 1339 1093 1387 quibus
1126 1341 1171 1376 V.
1206 1342 1381 1385 decreto,
1416 1342 1532 1378 titulo

223 1398 278 1431 De
303 1394 507 1443 Symonia,
532 1407 619 1443 cap.
650 1396 744 1431 Cum
767 1396 816 1432 sit
838 1397 1027 1443 Romana,
1051 1397 1144 1446 quia
1168 1398 1233 1434 ille
1257 1399 1534 1447 intelliguntur

222 1455 269 1489 de
313 1452 435 1501 gratis
480 1453 594 1500 datis,
640 1466 721 1490 non
767 1453 913 1490 exactis
957 1454 1165 1503 stipendiis
1212 1457 1381 1493 fideliter
1424 1458 1535 1494 labo-

165 1528 206 1548 20
221 1511 402 1547 rantibus
436 1511 681 1558 ministratis,
728 1513 889 1560 quando
923 1514 1027 1549 bona
1062 1514 1227 1551 ecclesie
1260 1516 1421 1552 aliunde
1454 1530 1535 1553 non

221 1578 451 1618 suppetunt.
486 1572 566 1606 Nec
598 1570 702 1605 valet
735 1571 910 1606 secunda
943 1570 1103 1608 infamis
1136 1572 1296 1619 ficticia,
1331 1587 1408 1622 qua
1440 1574 1535 1610 dici-

221 1638 284 1663 tur
329 1628 437 1676 quod
471 1629 518 1664 de
560 1628 644 1675 lege
676 1637 819 1664 nature
853 1629 975 1665 homo
1010 1631 1126 1666 debet
1160 1630 1292 1678 primo
1325 1633 1535 1668 subvenire

221 1685 454 1733 parentibus
488 1695 524 1721 et
558 1685 750 1733 cognatis,
785 1686 877 1734 quia
913 1688 989 1723 hoc
1023 1689 1141 1724 habet
1176 1690 1352 1726 colorem
1388 1690 1463 1726 illis
1497 1690 1535 1726 in

223 1743 365 1780 maiori
398 1744 459 1780 vel
482 1743 567 1792 pari
597 1743 836 1780 necessitate
860 1745 1013 1792 positis,
1049 1756 1091 1782 ut
1115 1748 1164 1782 ab
1189 1747 1414 1795 indigencia
1438 1750 1536 1785 rele-

165 1807 373 1848 25ventur‚
406 1814 487 1838 non
519 1811 561 1837 ut
595 1803 745 1838 mundo
779 1802 905 1838 incliti
940 1812 976 1839 et
1008 1804 1162 1841 nobiles
1187 1806 1420 1843 exaltentur.
1455 1809 1535 1843 Nec

219 1860 323 1896 valet
368 1859 491 1896 tercia
537 1860 696 1901 ficticia.¹
744 1873 822 1908 qua
861 1861 1008 1897 dicitur
1046 1865 1153 1911 quod
1195 1864 1367 1911 dignitas
1409 1874 1535 1901 status

222 1917 461 1966 episcopalis
494 1917 534 1953 in
557 1918 722 1965 familia,
757 1918 797 1954 in
828 1928 973 1955 ornatu
1008 1929 1044 1956 et
1073 1921 1320 1970 sumptuosis
1354 1923 1536 1970 expensis

221 1977 292 2012 hec
342 1975 471 2024 exigit,
518 1976 611 2024 quia
665 1976 838 2024 dignitas
892 1977 1038 2014 Christi
1091 1988 1128 2015 et
1176 1981 1454 2028 apostolorum
1496 1981 1535 2016 in

220 2046 378 2070 summa
428 2034 621 2082 pauperie
664 2034 749 2070 sine
802 2034 949 2071 talibus
994 2036 1187 2074 rutilavit.
1240 2040 1288 2074 Et
1335 2048 1443 2086 patet
1488 2040 1536 2076 de

164 2096 206 2128 30
220 2091 401 2139 symonia
435 2091 614 2140 episcopi
648 2092 687 2128 in
720 2092 899 2140 ingressu
923 2103 959 2130 et
983 2107 1196 2142 progressu
1221 2105 1258 2132 et
1282 2098 1329 2133 de
1352 2096 1536 2144 symonia

219 2149 259 2185 in
304 2162 462 2197 egressu
509 2159 565 2186 est
613 2150 784 2187 maxime
829 2151 1143 2199 formidandum,
1198 2155 1290 2203 quia
1337 2164 1536 2203 quotquot

220 2208 437 2244 defendunt
470 2207 701 2244 huiusmodi
734 2209 966 2257 oppositum
1001 2210 1040 2246 in
1085 2211 1164 2248 vita
1209 2221 1246 2249 et
1279 2225 1412 2261 opere,
1447 2226 1536 2261 per-

219 2275 429 2314 sequentes
461 2265 663 2314 simplices
696 2268 999 2315 promulgantes
1023 2268 1139 2305 istam
1165 2271 1409 2307 sentenciam
1434 2280 1536 2308 tam-

219 2336 340 2372 quam
382 2324 580 2360 hereticos
625 2333 662 2361 et
701 2326 776 2361 hoc
814 2339 940 2375 usque
980 2327 1098 2363 finem
1138 2328 1216 2364 vite
1255 2328 1338 2365 sine
1377 2329 1536 2378 resipis-

163 2384 203 2417 35
220 2381 370 2429 cencia7
403 2381 589 2418 videntur
621 2395 704 2420 esse
737 2384 898 2432 presciti
932 2384 1001 2421 filii
1035 2386 1196 2433 dyaboli
1229 2386 1418 2424 indurati.

288 2512 309 2538 1,
325 2510 349 2530 2.
372 2508 540 2540 sequantur
559 2505 586 2532 h.
642 2505 669 2540 3,
683 2514 712 2540 4.
734 2506 763 2533 in
785 2514 852 2541 cap.
875 2507 1059 2535 Sacerdotes
1079 2508 1128 2539 dh,
1148 2516 1207 2535 om.
1223 2509 1328 2536 ceteri.
1383 2518 1413 2543 4.
1430 2511 1536 2538 Sacer-

220 2537 276 2565 dos
296 2538 339 2574 ef,
362 2539 538 2566 sacerdotes
558 2541 662 2568 ceteri.
719 2549 745 2576 7.
767 2550 783 2568 a
805 2550 877 2577 pop.
899 2550 960 2569 acc.
983 2543 1002 2569 i.
1060 2551 1088 2578 9.
1111 2543 1162 2570 reb
1194 2543 1266 2570 eccl.
1289 2552 1341 2580 ag.
1399 2553 1433 2572 11.
1456 2546 1536 2572 unde

221 2581 313 2607 paup.
335 2573 454 2608 bcdefh,
475 2582 558 2602 corr.
575 2576 606 2602 in
628 2576 702 2603 bene
722 2584 761 2608 a‚·
783 2577 820 2604 ib.
842 2581 869 2604 et
890 2577 956 2612 ipse
972 2578 1012 2604 al.
1028 2586 1064 2604 m.
1082 2578 1110 2604 Ιι.
1168 2586 1207 2605 12.
1229 2578 1312 2605 Mine
1332 2579 1378 2613 clz,
1401 2587 1482 2606 corr.
1500 2588 1537 2607 ex

220 2608 314 2634 multe
328 2616 355 2638 e.
371 2609 466 2635 multe
480 2610 594 2642 ceteris
613 2611 687 2638 tales
702 2619 760 2638 om.
776 2611 804 2638 Ιι.
863 2610 900 2639 13.
922 2619 939 2638 a
952 2617 1052 2639 cunct.
1068 2613 1088 2639 i.
1146 2621 1186 2646 ¹4·
1209 2621 1284 2648 pure
1299 2613 1363 2646 eelz,
1379 2615 1536 2642 universa-

219 2642 287 2669 liter
306 2643 411 2669 ceteri.
469 2643 504 2670 15.
528 2645 685 2678 perversio
705 2646 793 2682 algfg.
851 2647 893 2674 16.
914 2646 977 2673 her.
1001 2647 1050 2674 ho.
1073 2647 1124 2674 dil.
1141 2656 1155 2674 e
1170 2656 1234 2682 ag;
1254 2648 1291 2675 ib.
1308 2653 1395 2676 sanat
1409 2649 1534 2686 abcefg.

220 2685 260 2711 ¹7-
300 2677 532 2716 procuracionis
569 2679 644 2713 ahf;
679 2680 718 2707 ib.
755 2682 785 2708 in
804 2681 936 2715 'quinto¹
971 2682 1085 2714 ceteri;
1125 2682 1152 2709 ib
1197 2682 1396 2711 decretalium
1430 2684 1534 2711 ceteri.

219 2719 266 2739 20.
287 2712 471 2739 ministratis
491 2713 538 2747 elz,
560 2714 712 2742 ministris
732 2716 838 2747 ceteri,
857 2724 939 2743 corr.
962 2716 992 2743 in
1015 2717 1197 2744 ministratis
1218 2717 1246 2744 d.
1303 2716 1345 2745 23.
1368 2718 1397 2745 iu
1419 2718 1479 2746 illis
1500 2719 1535 2750 ci,

221 2746 250 2773 in
271 2747 313 2773 al.
335 2755 372 2773 m.
394 2754 423 2773 a.
481 2755 526 2781 24.
550 2748 578 2775 in
601 2748 666 2783 pari
688 2749 708 2776 i.
764 2750 804 2777 25.
826 2755 854 2777 et
875 2758 932 2778 om.
953 2750 1012 2778 bdi.
1069 2751 1116 2779 26.
1139 2756 1207 2778 stat.
1231 2753 1412 2791 temporalis
1432 2753 1534 2789 beesg.

221 2781 265 2808 28.
288 2781 360 2816 quid
383 2781 465 2816 dign.
487 2782 546 2809 bdi.
619 2782 665 2810 30.
687 2788 715 2811 et
735 2792 793 2812 om.
815 2785 919 2812 ceteri.
994 2785 1037 2813 32.
1059 2786 1144 2813 modi
1164 2794 1221 2813 om.
1243 2787 1330 2822 bqsg.
1404 2786 1446 2815 33.
1469 2796 1536 2823 pro-

220 2816 381 2851 vulgantes
401 2816 476 2844 istas
496 2817 668 2845 sentencias
685 2826 743 2852 ag.
799 2818 845 2853 34.
867 2828 956 2853 usqu.
978 2820 1015 2847 ad
1038 2821 1217 2853 fi11.ceteri,·
1235 2821 1344 2849 ib..sue
1364 2822 1430 2849 sine
1449 2823 1535 2858 ahgi.

223 2848 264 2877 35.
288 2850 400 2878 viderit
420 2851 450 2884 i,-
475 2851 513 2878 ib.
536 2852 643 2887 prelati
663 2853 753 2890 abcg,
775 2854 884 2888 prefati
905 2854 947 2882 di.

291 2922 323 2954 3.
342 2921 390 2954 lb.
405 2933 433 2954 c.
447 2933 468 2965 9
483 2923 521 2963 (Ι,
533 2925 629 2964 410).
707 2923 758 2956 18.
775 2925 875 2959 Decr.
891 2926 993 2968 Greg.
1003 2927 1044 2966 V,
1060 2927 1090 2967 3,
1111 2937 1149 2958 10
1163 2927 1370 2968 (Friedberg
1384 2927 1424 2966 11,
1441 2927 1534 2968 751).

1343 2984 1394 3016 5ae
