2002 3359
157 323 201 349 12

169 727 298 762 Simony
321 731 399 753 most

151 761 423 797 directlyopposed

168 801 199 823 to
219 796 317 824 God's
339 797 405 823 law.

876 322 1099 353 JonANNis
1127 321 1310 352 WYCLIF
1598 307 1701 365 [cAv.
1722 319 1745 346 1.

438 428 548 477 quasi
576 429 794 464 evomendo
819 427 978 469 eiciunt.
1010 436 1047 464 et
1069 429 1244 464 secundo
1268 427 1361 475 quia
1385 428 1565 464 membra
1589 426 1752 467 Christi,

438 501 513 535 que
547 486 837 522 medicinaliter
870 495 984 522 acute
1017 486 1105 521 illos
1130 498 1172 521 ex
1197 485 1361 522 caritate
1385 494 1568 533 arguunt,
1604 499 1754 521 remor-

438 547 531 581 dent
564 544 603 580 in
635 544 797 580 nomine
831 557 875 580 ac
909 556 1076 591 corpore
1110 552 1145 579 et
1180 545 1408 589 corrodunt,
1450 551 1486 579 et
1519 543 1573 579 sic
1607 543 1753 591 ubique

438 611 616 639 remanet
650 603 820 649 populus
854 601 908 638 sic
937 610 979 638 ut
1003 615 1090 638 ossa
1124 601 1235 638 arida
1268 601 1350 638 sine
1384 601 1543 637 medula
1577 609 1613 637 et
1645 601 1753 638 forti-

439 661 576 697 tudine
610 659 820 707 spirituali.

498 722 593 755 Item
639 718 679 753 in
724 727 917 766 quantum
963 726 1173 765 peccatum
1220 726 1277 754 est
1330 717 1455 764 magis
1508 717 1751 753 contrarium

440 777 515 825 legi
550 785 585 812 et
619 776 868 812 ordinacioni
909 775 1052 821 divine,
1106 789 1175 823 per
1220 789 1340 824 quam
1387 784 1647 824 conquereret
1680 775 1753 811 sibi

441 834 647 871 eeclesiam
694 835 741 870 de
786 847 906 870 manu
951 834 1113 880 diaboli,
1160 835 1207 869 de
1245 842 1356 870 tanto
1397 843 1453 869 est
1497 833 1752 877 sceleracius3

440 894 506 929 sed
542 892 770 928 huiusmodi
804 901 861 929 est
894 892 1089 940 symonia,
1125 905 1216 939 ergo
1250 901 1323 929 etc.
1372 894 1477 928 Deus
1511 891 1615 928 enim
1649 891 1754 927 ordi-

439 951 545 987 navit
575 951 716 998 legem,
752 964 823 998 per
845 963 964 999 quam
991 950 1144 998 pugiles
1177 950 1293 986 sortis
1326 962 1407 996 sue,
1442 949 1481 985 id
1515 959 1571 986 est
1605 949 1751 995 clerici,

439 1009 684 1046 asimilarent
707 1008 779 1044 sibi
804 1008 947 1053 laicos3
981 1010 1048 1044 sed
1082 1008 1144 1044 isti
1179 1017 1234 1044 est
1267 1007 1448 1056 symonia
1480 1008 1628 1044 directe
1662 1021 1753 1044 con-

439 1067 581 1111 traria3
616 1066 680 1102 ubi
716 1067 820 1103 enim
855 1068 950 1103 deus
984 1066 1078 1102 dicit
1102 1067 1223 1102 Math.
1259 1079 1315 1104 10.
1352 1065 1496 1102 ‘Gratis
1530 1065 1752 1113 accepistis,

440 1125 560 1173 gratis
584 1125 701 1170 date,'
737 1124 991 1172 symoniacus
1025 1124 1201 1160 defendit
1233 1123 1499 1160 contrarium:
1534 1125 1640 1172 quod
1673 1137 1753 1160 non

440 1185 554 1219 debet
595 1184 689 1219 dare
719 1183 925 1230 spirituale
949 1184 1096 1218 donum
1131 1182 1208 1227 dei,
1242 1182 1317 1218 nisi
1350 1191 1514 1230 propter
1546 1181 1753 1218 retribuci-

440 1255 555 1278 onem
583 1242 847 1289 temporalem
871 1242 931 1277 vel
956 1242 1191 1286 comodum,
1226 1249 1261 1277 et
1286 1240 1340 1276 sic
1365 1240 1629 1276 committitur
1652 1240 1753 1276 blas-

441 1299 614 1348 phemia,
649 1299 863 1347 apostasia,
890 1308 925 1335 et
949 1299 1085 1335 omnia
1108 1312 1253 1346 genera
1276 1298 1484 1343 viciorum,
1509 1307 1546 1334 et
1569 1299 1640 1334 hec
1664 1306 1754 1334 sunt

441 1358 588 1394 directe
613 1357 811 1394 contrarie
834 1357 957 1394 radici
981 1357 1194 1403 virtutum3
1228 1356 1317 1393 ideo
1350 1356 1538 1392 nimirum
1574 1355 1754 1404 symonia

441 1416 589 1452 directe
630 1415 829 1452 contraria
862 1424 943 1452 tam
977 1415 1152 1451 virtuoso
1191 1414 1388 1463 principio
1421 1415 1508 1462 plus
1542 1413 1672 1462 perdit
1706 1414 1753 1449 de

442 1473 630 1510 membris
655 1473 831 1510 ecclesie.
857 1475 948 1510 Ideo
972 1473 1174 1521 signanter
1197 1473 1291 1509 dicit
1316 1475 1452 1508 Petrus
1467 1474 1552 1508 Act.
1571 1472 1613 1508 8:
1646 1474 1753 1508 ‘Pec-

442 1532 558 1568 cunia
582 1541 649 1568 tua
672 1541 802 1568 tecum
827 1531 875 1568 sit
900 1532 939 1567 in
962 1531 1262 1579 perdicionem.'
1288 1532 1379 1567 ldeo
1395 1530 1489 1566 dicit
1506 1529 1750 1573 Parisiensis,

441 1592 546 1638 quod
580 1589 833 1637 symoniacus
866 1590 1005 1626 nititur
1038 1602 1157 1637 super
1202 1588 1402 1625 Christum
1437 1588 1650 1636 infringere
1685 1588 1752 1624 ho-

441 1648 558 1684 stium
584 1649 726 1684 domus
750 1648 826 1694 dei,
858 1649 964 1696 quod
999 1648 1211 1695 figuratum
1247 1656 1303 1683 est
1326 1648 1465 1682 Genes.
1498 1659 1557 1693 19,
1591 1647 1751 1694 quando

441 1706 646 1743 Sodomite
684 1706 894 1742 voluerunt
933 1705 1147 1753 infringere
1186 1705 1287 1741 fores
1326 1706 1467 1740 domus
1508 1704 1622 1740 Loth.
1668 1705 1750 1739 Hec

441 1774 572 1801 autem
614 1763 876 1812 periculosior
914 1772 970 1799 est
1008 1763 1202 1809 sodomia,
1248 1762 1341 1811 quia
1386 1762 1490 1798 circa
1535 1775 1615 1797 rem
1663 1762 1750 1809 plus

441 1836 594 1859 sacram
630 1821 811 1858 callidius
844 1821 1066 1858 comittitur
1099 1834 1141 1857 ex
1165 1820 1373 1857 sanctitate
1397 1820 1583 1855 simulata
1606 1819 1750 1867 iniqui-

440 1890 499 1917 tas
532 1880 745 1928 geminata.
780 1882 827 1916 Et
852 1880 942 1916 hinc
966 1879 1158 1922 Christus,
1194 1887 1324 1915 custos
1349 1887 1384 1914 et
1408 1887 1543 1925 pastor
1574 1877 1749 1923 ecclesie,

441 1938 535 1974 dixit
559 1952 598 1974 se
623 1951 705 1974 esse
730 1937 902 1974 hostium
928 1937 1023 1980 eius,
1058 1938 1144 1973 Joh.
1177 1949 1234 1983 10,
1269 1938 1317 1973 ad
1343 1936 1608 1983 figurandum,
1643 1936 1751 1983 quod

441 2010 512 2044 pro
546 2009 643 2044 pace
677 1997 818 2032 domus
852 1995 914 2032 dei
947 1997 1140 2032 servanda
1173 1996 1289 2031 debet
1322 1993 1505 2030 introitus
1530 1993 1751 2041 preposito·

442 2068 528 2090 rum
559 2054 793 2102 diligencius
825 2053 1039 2090 observari.
1086 2056 1133 2089 Et
1166 2053 1256 2089 hinc
1296 2052 1441 2088 dicitur
1472 2052 1558 2087 Joh.
1595 2061 1658 2097 20,
1693 2050 1750 2086 in-

441 2122 564 2149 trasse
588 2112 716 2149 ianuis
751 2111 894 2148 clausis
927 2113 976 2148 ad
1009 2124 1099 2147 suos
1133 2110 1347 2158 discipulos
1381 2111 1429 2146 ad
1463 2110 1749 2155 denotandum,

441 2172 547 2218 quod
582 2179 720 2207 contra
752 2169 1004 2218 symoniacos
1038 2170 1153 2205 debet
1186 2168 1370 2204 introitus
1393 2168 1639 2215 prelatorum
1672 2180 1751 2203 ser-

441 2228 522 2265 vari
557 2229 725 2264 clausus
760 2230 808 2264 Et
842 2227 932 2263 hinc
956 2228 1076 2263 Exod.
1104 2237 1147 2262 12
1174 2226 1347 2263 decrevit
1381 2225 1566 2262 dominus
1598 2233 1750 2260 utrum-

443 2300 519 2334 que
557 2295 713 2334 postem
754 2285 871 2322 hostii
917 2285 1115 2333 sangwine
1148 2284 1239 2332 agni
1277 2283 1389 2332 tingi,
1435 2282 1547 2331 quasi
1581 2282 1750 2318 diceret:

441 2344 591 2380 Abiuro
635 2344 780 2380 virtute
819 2343 1029 2391 sangwinis
1073 2342 1163 2390 agni
1208 2341 1284 2389 dei,
1329 2341 1396 2390 qui
1440 2341 1508 2377 illo
1552 2339 1750 2388 sangwine

511 2475 530 2493 1.
547 2466 659 2493 eiciunt
679 2467 709 2498 i,·
728 2465 841 2493 eiciunt
861 2465 902 2492 al.
923 2474 960 2492 m.
981 2474 1021 2498 a,·
1039 2465 1178 2492 obiciunt
1196 2464 1234 2496 h,·
1255 2463 1390 2491 abiciunt
1409 2463 1512 2490 celeri.
1583 2469 1609 2489 2.
1625 2462 1750 2489 menda-

441 2501 514 2528 citer
534 2501 645 2531 celeri:
676 2501 705 2528 in
727 2503 809 2527 textu
836 2500 1034 2534 mendaciter,
1054 2500 1094 2526 al.
1117 2508 1155 2526 m.
1178 2498 1399 2525 medicinaliter
1419 2497 1447 2525 d.
1520 2496 1545 2524 3.
1567 2505 1601 2524 ac
1621 2505 1751 2532 corpore

441 2544 499 2563 om.
520 2536 632 2565 ceteri.-
661 2544 694 2562 ac
721 2543 805 2570 corp.
833 2535 875 2562 al.
901 2543 939 2561 m.
960 2534 999 2567 d;
1027 2534 1065 2561 ib.
1087 2533 1249 2568 utrobique
1275 2533 1378 2560 ceteri.
1452 2540 1481 2565 4.
1503 2536 1535 2558 ut
1554 2531 1574 2558 i.
1647 2539 1673 2567 7.
1690 2540 1752 2567 pro

442 2570 562 2598 divine:
584 2570 630 2597 dei
651 2570 742 2606 adsg.
798 2577 826 2605 9.
842 2577 914 2604 ergo
934 2573 989 2596 etc.
1010 2569 1028 2595 Ιι
1047 2569 1155 2601 solum,
1175 2567 1196 2595 d
1213 2568 1253 2594 αΙ.
1268 2575 1326 2598 m.,·
1345 2567 1383 2594 ib.
1398 2566 1537 2594 omnium
1554 2574 1615 2601 pro
1635 2566 1751 2593 enimi.

442 2613 483 2631 ιο.
505 2605 563 2632 hoc
582 2609 627 2631 est
646 2604 751 2631 celeri.
813 2606 849 2632 11).
870 2603 1092 2631 commituntur
1111 2602 1175 2630 bed.
1237 2602 1278 2629 16.
1300 2606 1327 2628 et
1347 2601 1405 2628 alia
1426 2608 1535 2635 genera
1557 2605 1751 2635 peccatorum

441 2640 552 2672 «Ῥίον-ι’,-
572 2639 608 2666 ib.
626 2644 695 2666 sunt
709 2639 828 2666 isolum
839 2649 850 2671 ;
868 2639 927 2665 hoc
941 2642 987 2665 est
1007 2646 1031 2665 c.
1087 2645 1126 2672 17.
1141 2636 1330 2664 contrarium
1345 2636 1374 2663 Ιι.
1430 2642 1475 2662 20.
1491 2635 1602 2662 dicitur
1617 2643 1670 2670 per
1682 2635 1750 2662 Ysa.

441 2674 521 2710 asg:
541 2673 614 2701 dicit
628 2673 704 2709 l‘ysa
718 2673 775 2706 de;
788 2673 899 2700 dieitur
911 2681 964 2708 per
976 2672 1178 2699 Parisiensem
1194 2671 1219 2698 b.
1275 2678 1322 2704 24.
1335 2670 1472 2699 Sodoma
1486 2669 1506 2696 i.
1562 2671 1608 2696 26.
1624 2670 1654 2697 in
1670 2672 1753 2697 textu

442 2708 585 2742 genitiva,
606 2709 648 2735 al.
670 2717 707 2734 m.
729 2708 882 2742 geminata
902 2716 947 2744 ag
957 2717 966 2737 ,·
985 2706 1158 2742 geminatur
1177 2706 1197 2733 i.
1270 2713 1314 2739 27.
1335 2705 1400 2732 eius
1420 2712 1468 2731 om
1487 2704 1507 2731 i.
1580 2712 1626 2739 29.
1642 2704 1753 2732 dicitur

442 2743 505 2774 belz,
526 2742 599 2770 dicit
619 2742 663 2769 cd.
737 2743 776 2771 31.
798 2747 904 2770 contra
925 2750 982 2770 om.
1003 2742 1031 2769 h.
1105 2740 1149 2775 33,
1169 2739 1215 2774 34.
1237 2739 1396 2776 tangifg;
1416 2739 1453 2766 ib.
1475 2738 1506 2765 in
1527 2741 1611 2766 textu
1631 2738 1751 2773 abiuro,

443 2778 483 2805 al.
504 2786 543 2804 m.
564 2777 673 2804 adiuro
687 2785 726 2810 a;
746 2777 856 2805 adiuro
876 2777 896 2804 i.

517 2858 566 2880 12.
593 2848 711 2880 Matth.
743 2860 791 2889 10,
818 2848 850 2880 8.
965 2859 1014 2891 10.
1042 2849 1115 2879 Act.
1142 2846 1173 2887 8,
1202 2857 1254 2878 20.
1361 2857 1414 2879 20.
1442 2846 1494 2878 Cf.
1521 2856 1599 2888 pag.
1625 2845 1656 2885 8,
1683 2851 1752 2876 not.

443 2896 492 2927 De
512 2895 673 2934 Avaritia,
701 2905 778 2937 pag.
806 2897 859 2937 73.
957 2904 1009 2926 22.
1037 2895 1162 2925 Genes.
1195 2904 1242 2936 19³
1270 2905 1301 2936 ς).
1400 2902 1452 2935 27.
1478 2892 1555 2924 Joh.
1588 2902 1636 2932 10,
1663 2901 1693 2934 7,
1720 2902 1751 2934 ς).

444 2952 497 2985 29.
521 2940 597 2973 Joh.
627 2951 679 2981 20,
707 2940 759 2972 26.
850 2942 902 2974 32.
928 2941 1037 2972 Exod.
1069 2950 1117 2980 12,
1146 2949 1198 2971 22.

1773 963 1812 984 10

1774 1243 1810 1274 15

1771 1543 1811 1563 20

1768 1821 1806 1853 25

1767 2109 1809 2141 30
