2002 3359
203 928 241 948 10

204 1207 240 1239 15

204 1787 243 1820 25

206 2080 247 2112 30

251 281 340 309 clxv.
356 268 426 325 vr]
757 280 814 311 DE
842 279 1044 311 sanm.

252 389 393 437 inquit7
436 386 517 436 'qui
557 386 768 423 ordinatus
807 384 938 431 fucrit,
984 384 1014 420 si
1055 396 1135 420 non
1176 396 1219 419 ex
1260 390 1392 431 pacto7
1439 394 1567 429 neque

252 456 412 483 exactus
456 457 529 482 nec
575 444 734 493 petitus,
790 451 881 492 post
925 451 1112 491 acceptas
1158 449 1288 478 cartas
1334 448 1371 476 et
1416 438 1567 487 palium

253 505 397 542 offerre
448 501 599 551 aliquid
653 501 815 539 cuilibet
862 513 905 537 cx
950 501 1057 537 clero
1102 499 1235 547 gracie
1282 498 1569 535 tantummodo

255 576 374 599 causa
406 560 590 605 voluerit,
627 561 703 596 hoc
735 557 863 607 accipi
895 559 1134 596 nullomodo
1168 557 1442 605 prohibemus,
1476 555 1569 603 quia

255 621 337 657 eius
382 619 541 656 oblacio
585 619 737 655 nullam
784 617 900 665 culpe
940 616 1140 653 maculam
1176 614 1331 663 ingerit,
1378 626 1455 663 que
1487 625 1567 649 non

255 691 298 715 ex
327 677 543 715 ambientis
576 675 777 726 peticione
810 674 1033 724 processit.⁷
1069 675 1273 720 Quantum
1309 673 1359 709 ad
1393 671 1568 720 primum

255 746 364 785 patet
417 737 525 785 quod
578 733 805 782 episcopus,
861 732 928 781 qui
975 733 1051 769 hoc
1096 730 1302 779 cognoscit
1348 731 1409 766 vel
1454 731 1570 765 debet

255 806 499 842 cognoscere
539 801 575 829 et
613 804 693 828 non
739 789 903 839 corrigit
940 790 1001 827 vel
1045 789 1180 837 abicit,
1227 798 1420 836 tanquam
1471 788 1571 824 alter

255 853 412 889 Elizeus
445 851 511 901 qui
545 849 701 899 punivit
733 858 771 886 et
803 848 949 886 abiecit
982 847 1089 896 Gezi‚
1137 856 1195 884 est
1228 848 1451 883 censendus
1485 854 1571 881 tan—

256 924 376 960 quam
412 909 614 958 particeps
648 907 828 945 criminis
862 919 906 943 ex
940 918 1151 943 consensu.
1185 907 1233 941 Et
1266 918 1345 953 quo
1369 905 1418 942 ad
1443 904 1569 951 legem

262 977 371 1017 patet
405 968 514 1017 quod
547 979 649 1015 opus
680 966 741 1003 vel
773 966 957 1002 voluntas
992 963 1164 1000 ministri
1199 962 1378 1012 episcopi
1413 971 1571 999 contra—

257 1026 364 1064 dicit.
399 1029 500 1063 Nam
525 1024 699 1062 ordinati
724 1023 840 1072 pauci
865 1023 924 1060 vel
948 1022 1060 1070 nulli,
1085 1021 1252 1071 quidam
1278 1034 1322 1058 ex
1345 1019 1570 1068 indigencia

257 1094 294 1121 et
318 1084 482 1133 quidam
507 1096 551 1121 ex
575 1081 825 1120 consciencia
851 1082 960 1130 lepre
983 1080 1226 1129 symoniace,
1252 1079 1375 1128 gratis
1399 1078 1573 1115 offerunt

259 1143 451 1179 ministris
496 1141 675 1191 episcopi
720 1152 922 1190 quequam
963 1140 1088 1185 dona3
1142 1139 1209 1175 sed
1249 1137 1459 1174 ordinatus
1500 1137 1572 1172 hec

263 1214 412 1250 negans
457 1202 517 1238 vel
561 1199 675 1248 ponit
721 1198 883 1236 vadium
922 1198 982 1235 vel
1026 1197 1259 1234 excludetur
1303 1197 1353 1232 ad
1394 1194 1570 1231 hostium

257 1261 316 1297 vel
355 1259 516 1297 aliunde
559 1256 873 1294 deteriorabitur
906 1256 956 1293 ad
989 1256 1106 1303 longe
1151 1255 1240 1302 plus
1285 1267 1407 1303 quam
1442 1266 1463 1289 a
1496 1265 1570 1288 suo

257 1317 367 1355 socio
391 1326 448 1354 est
472 1325 675 1363 exactum3
711 1324 748 1353 et
772 1314 868 1351 illud
902 1313 1067 1350 indubie
1100 1326 1223 1362 genus
1257 1321 1314 1348 est
1348 1310 1571 1349 exaccionis

257 1375 552 1424 turpissimum,
598 1374 688 1411 ideo
733 1372 855 1410 nichil
900 1371 1075 1409 exactori
1121 1370 1177 1408 sic
1222 1370 1369 1418 cupido
1415 1379 1451 1407 et
1496 1368 1570 1416 legi

258 1434 450 1483 predicte.
497 1433 562 1470 Sic
594 1432 699 1469 enim
735 1438 898 1480 possent
943 1430 1037 1478 fingi
1077 1428 1359 1466 excusaciones
1404 1427 1571 1470 infinite,

258 1501 312 1540 ut,
347 1493 455 1542 quod
490 1490 657 1528 clericus
690 1503 771 1526 non
806 1489 902 1526 emit
935 1489 995 1526 vel
1028 1487 1138 1536 cupit
1171 1486 1421 1535 spiritualem
1447 1484 1573 1533 digni-

258 1559 397 1597 tatem,
433 1563 522 1587 cum
556 1549 607 1586 sit
638 1548 771 1585 oneris
796 1556 832 1585 et
855 1560 936 1584 non
970 1547 1132 1593 fructus⁷
1168 1546 1235 1581 sed
1269 1545 1312 1581 fit
1345 1542 1574 1581 comutacio

260 1610 307 1645 de
351 1607 567 1657 temporali
612 1619 786 1654 annexo3
831 1606 892 1643 vel
931 1604 962 1642 si
1008 1604 1114 1641 circa
1159 1603 1257 1639 illud
1303 1601 1572 1645 contenditur,

261 1667 423 1714 fingitur
467 1667 575 1703 nuda
629 1664 786 1714 empcio
831 1676 925 1700 usus
970 1662 1069 1700 lucri
1122 1660 1358 1710 temporalis
1407 1658 1574 1696 dimisso

260 1725 343 1761 eius
376 1724 577 1771 dominio;
623 1732 661 1760 et
705 1722 762 1761 sic
806 1723 854 1759 de
887 1721 1054 1758 infinitis
1098 1720 1230 1757 stultis
1265 1718 1433 1755 ficticiis.
1482 1718 1574 1754 Ideo

260 1782 459 1831 optimum
490 1781 682 1819 iudicium
707 1790 764 1818 est
789 1781 836 1817 de
860 1779 1108 1828 symoniaco,
1140 1778 1277 1814 videre
1308 1777 1341 1813 si
1374 1776 1575 1824 compleat

262 1840 528 1878 ministerium
561 1840 669 1889 quod
703 1838 870 1888 requirit
905 1838 987 1874 eius
1020 1836 1212 1883 officium,
1255 1845 1292 1882 et
1324 1847 1445 1883 penes
1479 1834 1575 1869 illud

261 1899 440 1936 iudicare
464 1899 547 1935 eius
571 1897 810 1946 pravitatem
833 1896 1123 1945 symoniacam.
1158 1886 1295 1931 Posset
1320 1893 1426 1930 enim
1451 1890 1576 1928 tercio

262 1957 423 2005 fingere,
470 1957 578 2005 quod
612 1969 692 1993 non
725 1954 822 1993 emit
854 1954 1079 2003 temporale
1112 1951 1344 1989 huiusmodi
1378 1962 1574 1987 annexum

261 2014 459 2063 spirituali
483 2013 630 2062 officio,
655 2014 723 2051 sed
748 2013 830 2050 eius
854 2026 985 2058 usum,
1021 2020 1057 2048 et
1089 2012 1188 2048 tales
1212 2009 1391 2058 duplices
1415 2007 1577 2044 indubie

261 2086 342 2109 non
387 2081 523 2109 emunt
571 2071 874 2118 beatitudinem,
929 2079 965 2108 et
1011 2078 1104 2106 tunc
1149 2069 1366 2105 secundum
1415 2068 1574 2103 beatum

263 2131 500 2179 Gregorium
535 2132 663 2179 Super
696 2128 925 2178 Ewangelia
948 2127 1106 2164 Omelia
1144 2127 1178 2164 5.
1213 2138 1421 2175 nunquam
1457 2125 1577 2160 habe-

263 2191 362 2227 bunt
395 2189 520 2228 illam.

332 2379 358 2399 2.
380 2371 539 2407 paululum
559 2369 644 2432 beffg,
665 2378 748 2398 corr.
770 2370 801 2397 in
823 2369 938 2404 palium
959 2367 1011 2401 ad,
1035 2366 1159 2403 paulum
1182 2374 1206 2394 c.
1305 2363 1330 2393 3.
1351 2364 1476 2392 cuilibet
1495 2361 1580 2399 bdslt,

264 2406 427 2434 cuiuslibet
441 2406 553 2439 ceteri,·
571 2406 583 2433 i
604 2428 609 2433 .
631 2413 703 2440 ergo
722 2407 795 2432 ante
814 2404 915 2439 gracie
934 2411 1039 2431 omnes
1054 2405 1185 2438 praeter·
1203 2400 1254 2431 dlz,
1275 2400 1376 2435 gracie
1396 2408 1453 2427 om.
1475 2399 1579 2434 bcqu.

264 2442 305 2468 al.
326 2450 363 2468 m.
385 2449 415 2469 a.
496 2449 526 2474 ,μ
546 2448 617 2467 cum
634 2448 696 2476 pro
717 2447 810 2466 causa
830 2439 913 2475 bcj'g.
997 2445 1026 2472 9.
1048 2436 1319 2472 contempnendus
1340 2435 1423 2470 ctffg,
1446 2442 1528 2461 corr.
1549 2435 1579 2460 sn

265 2477 438 2503 censendus
457 2475 510 2503 ad.
591 2483 624 2503 11.
646 2475 706 2502 vol.
728 2475 772 2501 vel
795 2474 870 2501 min.
891 2482 942 2508 op.
964 2481 1019 2508 ag,
1039 2481 1056 2497 0
1085 2494 1090 2499 .
1112 2473 1186 2499 min.
1208 2471 1312 2498 ceteri.
1393 2477 1431 2497 ιε’.
1453 2468 1579 2503 quidam

265 2511 295 2538 in
318 2519 378 2538 ras.
398 2519 427 2543 a,
447 2511 529 2546 quod
547 2518 608 2545 pro
628 2509 755 2545 quidam
776 2509 842 2546 szg.
923 2516 965 2542 14.
986 2516 1046 2543 quo
1073 2515 1130 2542 que
1151 2514 1205 2542 ug,
1227 2513 1346 2540 queque
1367 2504 1386 2531 τ’.
1463 2512 1504 2537 ¹4-
1526 2503 1579 2530 do-

266 2553 339 2572 num
360 2553 414 2580 ag.
490 2546 531 2572 is).
554 2545 632 2580 plus,
654 2545 714 2571 alio
735 2552 827 2579 quam
848 2543 867 2572 i.
891 2543 960 2572 alio.
982 2543 1023 2570 al.
1045 2550 1083 2568 m.
1104 2541 1154 2568 ad.
1231 2544 1272 2573 ιί),
1294 2548 1332 2574 17-
1355 2547 1411 2566 suo
1433 2547 1495 2565 soc.
1517 2538 1579 2567 cell.

267 2588 330 2607 soc.
352 2588 408 2607 suo
428 2579 532 2607 ceteri.¹
629 2580 670 2607 16.
692 2579 771 2606 istud
794 2579 823 2610 i;
851 2578 888 2605 ih.
911 2585 1011 2604 exacc.
1034 2581 1079 2603 est
1098 2575 1201 2604 ceteri.
1302 2576 1340 2601 ιδ’.
1362 2573 1495 2600 exactori
1517 2573 1580 2603 eelz,

266 2619 408 2642 exactore
434 2614 536 2641 ceteri.
653 2621 698 2641 20.
726 2621 781 2640 nec
807 2613 893 2647 cupit
919 2612 1024 2640 ceteri.
1141 2618 1180 2638 21.
1209 2609 1337 2637 honoris
1365 2609 1413 2643 bg,
1439 2615 1522 2635 corr.
1549 2609 1580 2634 in

266 2650 369 2676 oneris
388 2649 448 2682 ad‚·
467 2649 495 2676 ib
527 2656 587 2675 non
610 2656 668 2675 om.
684 2648 788 2684 bcefg.
809 2648 850 2675 al.
865 2655 902 2674 m.
919 2647 980 2676 ad:
999 2647 1036 2674 ib.
1059 2646 1089 2673 lit
1109 2654 1166 2672 om.
1184 2646 1202 2672 i.
1260 2643 1301 2671 25.
1324 2643 1456 2678 complet
1477 2642 1581 2669 ceteri.

267 2685 312 2711 213.
340 2684 404 2711 cius
426 2683 573 2711 iudicium
595 2683 711 2710 assumi
732 2687 760 2710 ct
785 2682 865 2718 qugc
890 2682 955 2709 cius
975 2681 1124 2708 iudicium
1146 2681 1190 2707 vel
1213 2678 1348 2706 officium
1370 2682 1409 2712 et,
1436 2677 1506 2704 acci
1525 2677 1579 2709 (vel

267 2727 325 2746 om.
353 2727 392 2747 ce,
419 2719 517 2745 (11.771.
543 2726 572 2749 α,
598 2718 648 2745 off.
676 2718 705 2745 in
732 2725 795 2744 ras.
823 2722 865 2747 a),
893 2717 1041 2744 iudicium
1069 2716 1194 2743 cancell.
1222 2714 1250 2741 d.
1359 2714 1404 2739 26.
1433 2720 1487 2746 per
1512 2719 1580 2738 cum

268 2753 340 2781 illud
363 2753 429 2790 bsg,
451 2761 544 2788 penes
565 2760 634 2783 om..
652 2752 789 2787 spacium
810 2752 948 2779 relictum
970 2759 996 2778 e.
1104 2758 1150 2784 25).
1173 2749 1223 2776 sed
1246 2752 1291 2775 est
1311 2747 1417 2783 ῥοῇς,
1446 2754 1529 2773 corr.
1552 2746 1582 2772 in

267 2789 332 2816 eius
358 2796 398 2820 a,·
417 2789 456 2815 ib.
477 2795 567 2815 osum
589 2787 675 2822 bceg,
697 2794 784 2814 esum
796 2787 830 2822 f.
904 2785 942 2814 31.
965 2785 1169 2819 ewangelium
1191 2784 1260 2819 ads.

317 2909 370 2942 31.
398 2907 514 2949 Migne
539 2906 657 2937 Patres
681 2905 792 2937 Latini
820 2904 874 2947 76,
898 2906 995 2949 1093.

1805 279 1855 312 70

1618 397 1652 415 or
1674 388 1694 415 it
1716 389 1740 415 is·
1762 389 1827 415 said

1609 424 1674 450 that
1694 423 1743 449 tlie
1764 423 1835 458 git'ts

1651 466 1700 485 are
1723 461 1793 485 trec.

1625 735 1693 762 Tlic
1714 735 1825 769 bizlmp

1586 771 1680 805 ought
1703 775 1732 797 to
1756 771 1856 804 know,

1614 1144 1671 1170 aud
1694 1143 1744 1170 tlie
1764 1142 1836 1176 gin>-

1631 1187 1682 1205 (ιη-
1703 1179 1818 1212 always*

1651 1214 1800 1240 extol-ted.
